3217 4946
555 351 648 417 40
1160 365 1629 416 TESTIMONIA
1682 367 1791 417 B'l'2
1817 370 2127 422 sumen

556 509 817 595 Ecquid
837 507 1190 592 frigidulos
1218 510 1336 592 qui
1365 510 1540 578 leoto
1567 512 1950 596 imponeret
1972 518 2176 590 artus,

641 611 782 676 Aut
807 612 922 695 qui
953 613 1338 695 dulciloquo
1367 612 1627 678 falleret
1654 632 1766 678 ore
1789 613 1965 678 diem
1984 615 2015 676 ‘t

554 710 698 780 Aut
725 713 842 796 qui
871 718 1157 777 tentaret
1183 713 1488 780 salientis
1517 720 1818 796 tempora
1845 734 2055 794 venae,

641 814 787 880 Aut
812 814 1104 879 fomenta
1132 836 1336 880 manu
1364 819 1484 899 qui
1514 823 1873 900 properata
1896 815 2082 880 daret
2098 817 2129 878 ‘t

552 915 886 982 Conderet
911 924 1033 981 aut
1055 918 1288 982 oculos
1317 918 1539 982 media
1557 919 1702 1001 jam
1730 923 1937 982 morte
1963 919 2287 993 natantes,

638 1017 782 1086 Aut
806 1018 1057 1101 legeret
1085 1037 1408 1084 summam
1437 1020 1552 1103 qui
1584 1019 1740 1102 pius
1768 1039 1880 1084 ore
1906 1019 2193 1083 animam
2213 1019 2245 1082 ‘l

553 1119 802 1186 Nullus
829 1127 1009 1186 erat:
1051 1121 1298 1186 nullus.
1351 1120 1705 1199 .Vetere's,‘
1725 1127 1798 1187 tn
1830 1121 2017 1198 dura,
2046 1119 2317 1185 sodales

638 1221 802 1287 Heu
829 1221 1072 1306 procul
1102 1242 1147 1287 a
1174 1223 1427 1302 Ponto,
1459 1221 1713 1288 Martia
1741 1221 1989 1301 Roma,
2010 1221 2229 1286 tenes!

551 1322 624 1389 N
625 1323 818 1388 ullus·
827 1329 1008 1389 erat:
1048 1325 1281 1408 procul
1313 1325 1400 1390 ah
1429 1325 1706 1409 conjux,
1736 1325 2061 1407 parvique
2086 1327 2398 1406 nepotes:

637 1423 793 1489 Nee
814 1424 1032 1490 finer-at
1051 1425 1407 1508 profugum
1425 1431 1584 1491 nata
1614 1421 1854 1490 secuta
1881 1430 2157 1508 patrem.

549 1524 829 1592 Scilicet·
851 1529 1178 1593 immanes
1207 1529 1430 1606 Bessi,
1455 1529 1751 1613 flaviqw
1782 1525 2087 1605 Coralli,.

630 1625 779 1694 Aut
804 1648 932 1696 vos
958 1630 1174 1715 pelliti
1200 1649 1418 1696 saxea
1439 1631 1644 1696 corda
1676 1630 1899 1708 Getae,

549 1728 831 1795 Scilicet
853 1731 1154 1796 horribili
1185 1732 1442 1798 dederit
1471 1732 1803 1798 solamina
1830 1730 2020 1796 vultu

559 1865 566 1870 -
634 1831 963 1910 Sarmata,
991 1832 1078 1896 ab
1105 1841 1320 1916 epoto·
1333 1853 1524 1915 saepe
1552 1832 1895 1899 vehendus
1914 1849 2092 1916 equo
2112 1833 2143 1896 Ἰ

546 1929 876 2010 Sarmata,
907 1933 1019 1996 cui
1045 1933 1326 2014 rig-idam
1351 1934 1645 2000 demisso
1674 1935 1745 1998 in
1766 1933 2019 1999 lumine
2042 1933 2328 2000 frontem

634 2030 826 2097 Mota
851 2034 1172 2116 pruinoso
1192 2038 1496 2119 tempora
1521 2037 1703 2100 crine
1732 2041 1995 2102 sonant.

547 2133 685 2201 Sed
715 2139 940 2200 tamen
969 2141 1038 2200 et
1067 2135 1280 2203 Bessi·
1295 2138 1693 2216 extinctum,
1722 2145 1797 2202 et
1821 2138 2061 2204 flevere
2086 2135 2366 2214 Coralli,

631 2233 1108 2320 Sarmataque:
1149 2241 1221 2302 et
1235 2235 1454 2302 durus
1477 2238 1786 2304 contudit
1814 2257 1936 2306 ora
1954 2237 2185 2304 Getes.

541 2333 938 2402 Extinctum
965 2344 1032 2404 et
1055 2343 1316 2404 montes
1346 2339 1623 2420 flebant,
1652 2346 1725 2406 et
1751 2341 1971 2426 sylva,
1998 2340 2312 2424 feraeque,

631 2435 725 2502 Et
750 2438 946 2504 flesse
974 2440 1047 2505 in
1073 2440 1310 2506 mediis
1339 2440 1584 2506 dicitur
1607 2440 1784 2505 Ister
1812 2441 2034 2523 aquis.

545 2534 726 2618 Quin
755 2542 956 2607 etiam
982 2543 1175 2626 pigro
1204 2548 1580 2607 concretum
1606 2541 1852 2623 frigore
1880 2539 2193 2618 Pontum,

631 2640 993 2707 Nereidum
1020 2642 1332 2728 lacrymis
1357 2642 1724 2728 intepuisse
1748 2642 1991 2709 ferunt.

539 2740 909 2809 Accnrrere
932 2746 1119 2810 leves
1148 2745 1412 2831 Paphia
1439 2765 1590 2811 cum
1616 2749 1828 2810 matre
1854 2744 2181 2824 volucreS‚

625 2844 1012 2930 Arsuroque
1038 2847 1225 2911 faces
1251 2864 1674 2930 supposuere
1697 2864 1883 2927 rogo.

544 2943 762 3024 Quem
789 2946 985 3010 simul
1015 2945 1344 3011 absumsit
1367 2944 1625 3029 rapidae
1650 2944 1975 3011 violentia
1994 2945 2303 3024 flammae‚

628 3043 982 3129 Reliquias
1009 3051 1184 3111 tecto
1211 3064 1652 3130 composuere
1682 3046 1878 3111 cado.

543 3146 1092 3233 Impositumque
1117 3148 1312 3215 brevi
1341 3149 1678 3232 signarunt
1704 3148 1993 3215 carmine
2024 3167 2263 3219 saxum
2281 3172 2321 3223 ὲ.

631 3254 653 3284 ‘
684 3248 825 3329 Qui
843 3247 1030 3333 jacet
1055 3250 1191 3328 hic,
1213 3250 1420 3314 teneri
1444 3248 1679 3315 doctor
1706 3251 1952 3316 amoris
1974 3251 2157 3317 erat?

545 3350 715 3437 Ipsa
738 3352 956 3418 locum
983 3352 1122 3417 late
1147 3357 1386 3418 sancto
1415 3350 1741 3435 Cytherea
1766 3352 2029 3436 liquore

631 3452 878 3519 Irrorat
901 3454 1101 3519 nivea
1127 3459 1358 3539 terque
1381 3458 1743 3539 quaterque
1767 3472 1987 3523 manu.

543 3552 694 3621 Vos
720 3574 992 3640 quoque
1015 3556 1317 3622 Pierides
1344 3557 1483 3623 vati
1502 3556 1777 3623 libastis
1804 3556 2071 3623 ademto

628 3654 969 3736 Carmina,
999 3657 1122 3723 sed
1149 3663 1376 3726 nostro
1403 3678 1545 3725 non·
1565 3657 1913 3725 referenda
1938 3672 2129 3725 sono.
2250 3717 2261 3725 ,
