3217 4946
1039 411 1136 460 ns
1183 413 1246 462 r.
1291 411 1554 463 ovinio
1601 413 1926 466 reasons.
2500 401 2587 468 sl

1291 556 1482 624 cinis
1510 558 1661 642 ipse
1688 557 1933 644 sepulti

611 653 728 726 ,In
748 673 958 738 genus
979 655 1108 720 hoc
1138 664 1408 740 pugnat.

386 755 666 822 Poterat
688 755 818 822 hoc
849 761 1196 822 contentus
1223 749 1374 823 esse
1397 779 1418 842 ;
1452 757 1725 843 adjecit,

781 859 1038 926 tumulo
1065 880 1332 945 quoque
1357 862 1693 927 sensimus
1719 862 2001 927 hostem.

390 959 542 1026 Nec
567 960 698 1026 boc
727 966 1078 1028 contentus
1107 961 1385 1045 adjecit,

781 1061 1091 1128 AEacidae
1120 1063 1438 1129 foecunda
1460 1063 1582 1128 fui.

389 1160 640 1229 Aiebat
669 1169 885 1230 autem
914 1164 1204 1229 Scaurus
1249 1185 1390 1230 rem
1413 1183 1677 1232 veram:
1728 1186 1863 1232 non
1892 1164 2109 1232 minus
2133 1183 2441 1250 magnam
2468 1167 2601 1234 vir·

387 1268 594 1330 tutem
620 1283 796 1342 esse,
827 1265 1000 1330 scire
1023 1265 1355 1344 desinere,
1383 1285 1584 1350 quam
1616 1268 1791 1332 scire
1822 1265 2063 1332 dicere.

992 1430 1180 1496 Idem
1207 1431 1681 1500 Controversia
1706 1451 2005 1500 xxxm.

391 1563 707 1630 Vinicius
737 1585 1040 1632 summus
1082 1571 1342 1634 amator
1371 1567 1625 1646 ovidii,
1666 1569 1864 1648 hunc,
1908 1569 2158 1647 siebat,
2202 1587 2471 1634 sensum
2498 1565 2598 1632 di-

391 1666 751 1731 sertissime
791 1667 971 1752 apud
1023 1667 1366 1734 Nasonem
1397 1669 1715 1734 Ovidium
1744 1690 1897 1735 esse
1930 1670 2248 1754 positum,
2276 1687 2475 1752 quem
2513 1667 2603 1731 ad

391 1767 734 1849 fingendas
771 1769 1025 1834 similes
1054 1772 1416 1836 sententias
1447 1771 1678 1837 aiebat
1703 1791 1851 1836 esse
1880 1772 2201 1836 memoria
2227 1768 2599 1836 tenendum.

395 1865 643 1932 Occiso
664 1866 926 1933 Achille
947 1869 1076 1934 hoc
1101 1871 1552 1956 epiphonema
1578 1872 1864 1956 apponit
1890 1873 2036 1949 (lib.
2060 1888 2207 1938 xn.
2230 1869 2389 1936 Met.
2414 1867 2602 1952 607.)

481 1967 1046 2138 guodfnfzimus
1093 1973 1380 2056 gaudere
1433 1991 1643 2040 senex
1688 1979 1847 2058 post
1878 1973 2191 2040 Hectora
2246 1977 2493 2056 posset,

559 2091 646 2136 oc
749 2073 818 2137 ·t.

763 2235 1218 2315 Quintilianus
1245 2238 1367 2304 lib.
1401 2253 1480 2302 x.
1512 2237 1731 2304 Instit.
1762 2238 1949 2304 Orat.
1976 2256 2133 2321 cap.
2163 2235 2231 2301 1.

396 2366 832 2436 ‘Lascivus
811 2389 882 2435 m
909 2369 1230 2436 Heroicis
1269 2387 1540 2489 quoqne
1565 2371 1881 2450 Ovidius,
1930 2378 1999 2437 et
2036 2371 2311 2436 nimium
2339 2373 2603 2433 amator

397 2472 650 2556 ingen
672 2469 1230 2552 sui31audandus
1257 2478 1482 2539 tamen
1507 2473 1574 2537 in
1603 2470 1952 2558 partibus?
2038 2473 2129 2539 Et
2154 2490 2355 2536 mox:
2388 2467 2607 2535 ‘Ovi

399 2575 554 2639 dius
591 2574 866 2639 Tibullo
903 2581 973 2639 et
1001 2575 1356 2660 Propertio
1397 2574 1758 2639 lascivior’
1847 2575 1936 2639 Et
1984 2575 2257 2639 iterum·
2305 2569 2607 2640 ‘ovidii

397 2674 650 2741 Medea
697 2674 972 2740 videtur·
1011 2675 1172 2741 mihi
1217 2674 1588 2751 ostendere,
1641 2680 1953 2757 quantum
2002 2676 2105 2737 vir
2148 2670 2261 2737 ille
2292 2676 2609 2757 praestare

391 2777 710 2861 potuerit,
749 2777 808 2841 si
849 2776 1114 2859 ingenio
1163 2794 1286 2841 suo
1338 2782 1721 2858 temperare,
1756 2789 1961 2858 quam
1977 2774 2311 2856 indulgere
2332 2770 2608 2837 maluis-

401 2877 542 2943 set?

1005 3043 1338 3109 Martialis
1365 2991 1483 3106 1113.
1519 3058 1568 3105 1.
1610 3039 1937 3123 Epigffl.

661 3177 1086 3264 Apollodoro
1114 3176 1377 3262 plaudit
1405 3174 1699 3239 imbrifer
1726 3172 1956 3253 Nilus,

745 3278 1028 3345 Nasone
1051 3278 1314 3360 Peligni
1343 3282 1601 3341 sonant.

1181 3444 1328 3510 Lib.
1364 3462 1475 3509 11³1.
1507 3444 1705 3527 Epig.
1732 3444 1843 3509 38.

513 3630 520 3635 .
663 3577 968 3645 Insanis:
1013 3598 1239 3643 omnes
1271 3579 1508 3659 gelidis
1535 3577 1933 3662 quicumque
1956 3572 2247 3639 lacernis

745 3680 922 3745 Sunt
951 3680 1096 3759 tibi,
1129 3678 1442 3746 Nasones
1471 3678 1931 3761 virgiliusque
1956 3674 2135 3739 vide.

1202 3862 1354 3925 Lib.
1386 3878 1454 3923 v.
1485 3859 1687 3941 Epig.
1716 3860 1817 3923 10.

666 3994 862 4061 Bata
887 4004 1206 4061 emonam
1225 3996 1534 4079 plausere
1563 3994 1819 4059 theam
1848 3940 2253 4071 Menenium

753 4096 976 4166 Norat
1002 4096 1348 4165 Nasunem
1377 4094 1530 4161 sola
1556 4093 1852 4161 Corinna
1880 4110 2097 4161 suum.
