3217 4946
650 401 746 466 16
1387 417 1448 464 ι».
1494 409 1739 464 ovum
1786 415 2111 465 rusoms

821 559 990 626 Vita
1015 558 1196 642 prior
1221 556 1386 622 vitio
1415 561 1616 634 caret,
1656 564 1729 622 et
1754 558 1893 622 sine
1922 557 2071 622 laBe
2104 561 2377 641 peracta
2404 564 2550 624 est:

907 660 1167 725 Auxilii
1195 660 1438 723 misero
1465 660 1559 724 nil
1587 659 1739 722 tulit
1766 660 1887 722 illa
1909 659 2095 723 mihi.

651 763 918 829 Habuit
963 782 1206 826 uxores
1252 767 1408 839 treS,
1462 781 1743 845 quarum
1788 762 1957 825 duas
2002 760 2414 845 repudiavit3
2459 781 2613 826 cnm
2652 762 2855 826 tertia

645 884 803 930 vcro
855 865 1393 949 conjunctissime
1443 870 1508 927 et
1557 864 2012 930 amantissime
2054 865 2261 929 vixit:
2306 866 2461 928 item
2510 864 2737 942 filiam,
2786 870 2856 927 et

647 967 824 1031 alios
867 967 1113 1030 liberos
1139 985 1156 1046 ;
1201 965 1320 1029 sed
1364 983 1454 1029 ex
1504 963 1647 1029 filia
1693 970 1763 1029 et
1812 983 1981 1029 avus
2030 963 2249 1030 sactus
2297 972 2420 1030 est.
2514 962 2739 1043 Quare
2786 965 2854 1028 in

645 1073 887 1151 quarto
915 1067 1022 1132 De
1049 1067 1249 1130 Trist.
1281 1067 1376 1130 ait
1397 1067 1565 1149 eleg.
1596 1067 1703 1130 10.

817 1167 1026 1234 Paene
1055 1169 1216 1232 mihi
1245 1187 1604 1251 puel-onec
1634 1169 1833 1250 digna
1859 1187 1981 1231 nec
2012 1167 2191 1232 utilis
2224 1187 2393 1231 uxor

905 1271 1032 1334 Est
1059 1269 1242 1349 data,
1273 1290 1428 1354 quae
1459 1277 1723 1353 tempus
1755 1272 2069 1353 perbreve
2096 1275 2307 1352 nupta
2332 1269 2481 1332 fuit.

820 1371 931 1437 Illi
961 1374 1314 1450 successit,
1349 1374 1657 1455 quamvis
1688 1375 1830 1436 sine
1860 1373 2155 1448 crimine,
2187 1371 2435 1455 conjux

906 1472 1064 1537 Non
1091 1479 1310 1537 tamen
1339 1475 1406 1538 in
1434 1481 1661 1540 nostro
1688 1477 1875 1540 firma
1900 1473 2126 1540 futura
2152 1479 2321 1538 toro.

827 1575 1096 1652 Ultima,
1130 1597 1281 1660 quae
1309 1597 1570 1642 mecum
1600 1597 1787 1642 seros
1816 1577 2177 1661 permansit
2204 1577 2270 1639 in
2296 1592 2535 1651 annos,

903 1678 1228 1744 Sustinuit
1257 1681 1503 1764 conjux
1531 1681 1753 1744 exulis
1781 1699 1927 1742 esse
1955 1679 2107 1742 viri.

818 1778 997 1843 Filia
1023 1799 1130 1844 me
1155 1799 1304 1843 mea
1323 1780 1432 1844 bis
1460 1783 1677 1863 prima
1699 1779 2013 1843 soecunda
2032 1777 2332 1860 juventa,

903 1879 1043 1943 Sed
1071 1899 1212 1943 non
1236 1899 1328 1944 ex
1353 1899 1486 1944 uno
1513 1881 1795 1964 conjuge
1825 1879 1982 1944 fecit
2010 1877 2237 1944 avum.

642 1981 726 2046 Iu
755 1980 974 2065 primo
1001 1985 1226 2045 autem
1247 1980 1418 2045 libro
1443 1981 1554 2046 De
1580 1981 1785 2047 Trist.
1812 1982 1981 2062 eleg.
2011 1981 2073 2044 3.
2106 1981 2247 2045 sic:

815 2082 1021 2164 Saepe
1049 2082 1288 2146 eadem
1317 2083 1632 2148 mandata
1657 2083 1846 2148 dedi:
1890 2102 2131 2167 meque
2154 2084 2299 2166 ipse
2324 2081 2549 2160 fefelli,

901 2183 1304 2268 Respiciens
1325 2184 1546 2248 oculis
1574 2185 1858 2267 pignora
1880 2201 2037 2248 cara
2060 2185 2251 2248 meis.

642 2284 733 2349 Et
763 2283 834 2348 in
861 2287 1052 2349 tertio
1081 2285 1246 2366 eleg.
1277 2286 1382 2348 11.
1414 2285 1556 2349 sict

813 2385 1052 2469 Usque
1081 2387 1167 2450 sit
1192 2385 1508 2467 exiguum
1539 2404 1787 2469 poenae,
1819 2384 1999 2468 quod
2030 2383 2317 2466 conjuge
2340 2400 2522 2457 cara,

903 2484 1108 2563 Quod
1141 2504 1342 2550 careo
1371 2486 1614 2569 pau-ia,
1646 2484 2163 2567 pignoribusque
2192 2482 2385 2546 meis·

643 2586 813 2652 Cum
843 2594 1065 2652 autem
1096 2586 1476 2671 Augustum
1515 2584 1851 2651 Caesarem
1880 2584 2347 2667 imprudenter,
2384 2586 2449 2648 et
2470 2582 2743 2661 inscius,
2774 2589 2853 2648 ut

641 2690 792 2774 ipse
815 2688 932 2769 ait,
984 2689 1395 2769 offendisset,
1427 2688 1518 2753 ad
1551 2688 1857 2753 Euxinos
1886 2688 1973 2751 ab
2004 2706 2088 2751 eo
2116 2686 2448 2770 relegatus
2474 2690 2603 2763 est,
2634 2700 2861 2753 annos

641 2798 840 2859 natus
871 2808 942 2859 12.
972 2814 1178 2877 quare
1206 2795 1303 2857 ait
1329 2792 1400 2855 in
1425 2790 1633 2855 Trist.
1668 2807 1769 2854 lv.
1794 2790 1962 2872 eleg.
1988 2789 2098 2854 10.

815 2894 1116 2975 Postque
1140 2912 1330 2957 meos
1360 2898 1548 2955 ortus
1578 2889 1809 2955 Pisaea
1830 2891 2097 2953 vinctus
2128 2888 2317 2951 oliva

897 2993 1287 3058 Abstulerat
1313 2991 1539 3055 decies
1565 2990 1846 3073 praemia
1878 2990 2090 3053 victor
2117 3005 2367 3071 equus:

815 3094 988 3159 Cum
1014 3094 1218 3159 maris
1249 3092 1504 3157 Euxini
1531 3090 1797 3174 positos
1822 3090 1909 3155 ad
1938 3090 2118 3154 laeva
2144 3090 2451 3156 Tomitas

901 3194 1222 3274 Quaerere
1243 3215 1350 3259 me
1377 3194 1534 3259 laesi
1556 3192 1887 3276 principis
1914 3192 2015 3257 ira
2031 3194 2243 3275 jubet.

640 3296 983 3363 Describit
1033 3303 1260 3360 autem
1303 3294 1685 3360 discessum
1736 3313 1933 3359 suum
1980 3313 2067 3359 ex
2118 3296 2302 3372 urbe,
2330 3368 2339 3374 ,
2372 3300 2439 3361 et
2488 3298 2718 3361 uxoris
2774 3305 2849 3363 et

638 3404 1002 3464 ceterorum
1063 3418 1334 3463 suorum
1392 3398 1748 3481 lacrymas,
1826 3396 2191 3479 duramque
2255 3404 2323 3463 et
2394 3398 2843 3482 periculosam

633 3501 1124 3583 navigationem
1163 3520 1352 3564 suam
1390 3500 1606 3583 primo
1654 3499 1761 3565 De
1800 3500 2003 3565 Trist.
2054 3501 2262 3581 longa
2308 3500 2631 3582 epistola,
2683 3519 2841 3586 quae

637 3601 904 3685 incipit:
1191 3650 1198 3659 .

811 3700 980 3767 Cum
1013 3702 1199 3767 subit
1227 3702 1409 3767 illius
1437 3702 1822 3767 tristissima
1848 3702 2067 3787 noctis
2092 3704 2337 3783 image,
2370 3704 2495 3768 διο.

637 3803 980 3869 Praeterea
1009 3804 1222 3888 primo
1255 3804 1361 3869 De
1394 3803 1615 3867 Ponto
1638 3803 1711 3867 in
1735 3803 1933 3885 epist.
1978 3804 2069 3867 ad
2097 3802 2439 3881 Rufinum,
2482 3823 2563 3868 eo
2590 3804 2659 3869 in
2688 3804 2839 3869 loco

635 3924 710 3969 se
736 3904 1024 3983 exulare,
1077 3906 1195 3968 ubi
1226 3922 1490 3987 semper
1539 3905 1839 3969 maxima
1886 3902 2101 3969 forent
2126 3904 2394 3987 frigora,
2446 3924 2849 3991 summaque·

635 4007 862 4090 inopia
885 4007 1208 4070 bonorum
1237 4008 1551 4083 omnium,
1575 4006 1683 4070 his
1711 4006 2005 4088 queritur
2032 4008 2373 4073 versibus:

808 4105 1008 4171 Orbis
1033 4108 1100 4171 in
1126 4107 1435 4171 exn-emis
1462 4106 1663 4192 jaceo
1690 4107 1991 4173 desertus
2020 4112 2269 4188 arenis,

893 4207 1049 4271 Fert
1073 4209 1190 4273 ubi
1217 4215 1568 4293 perpetuas
1595 4211 1837 4275 obruta
1864 4216 2039 4277 terra
2060 4212 2275 4279 nives,
