3217 4946
1249 399 1673 450 vanui-10.
2481 387 2565 454 11

354 541 718 610 laureolam
757 542 944 627 queri
987 544 1237 629 possit,
1289 545 1468 629 quod
1515 546 1767 630 passim
1816 565 2251 631 quaecumque
2294 547 2383 612 ad
2416 566 2571 614 sco-

353 665 522 729 pum
550 653 858 730 spectare
888 645 1313 724 credidimus,
1353 652 1580 712 nostra
1616 648 1979 726 fecerimus,
2030 649 2317 726 tametsi,
2348 668 2571 732 spero,

357 753 430 812 et
456 767 544 813 ex
571 749 842 831 proprio
868 767 1075 812 censu
1103 748 1422 812 nonnulla
1461 767 1594 813 non
1626 749 2103 816 contemnenda
2130 749 2566 828 hauserimus,

353 849 806 914 lubentissime
859 855 1076 912 tamen
1125 849 1344 913 cuivis
1391 849 1558 913 illud
1604 853 1839 928 totum,
1892 856 2091 933 atque
2158 850 2288 914 alia
2346 852 2571 916 omnia

355 957 646 1034 accepta
691 948 934 1015 habere
965 951 1348 1014 dixerimus.
1439 949 1508 1012 N
1511 950 1713 1015 icolai
1746 951 2039 1028 Heinsii,
2064 951 2185 1014 viri
2228 950 2311 1015 de
2354 953 2566 1018 literis

357 1053 855 1116 humanioribus
915 1055 1166 1135 optime
1233 1052 1480 1129 meriti,
1549 1051 1883 1136 cujusque
1952 1051 2329 1116 recordatio
2374 1055 2572 1118 bonis

359 1171 516 1218 cara
565 1172 829 1236 semper
881 1155 1104 1230 fuerit,
1181 1155 1397 1218 secuti
1460 1173 1691 1218 sumus
1754 1155 2271 1231 emendationes,
2320 1155 2572 1239 quippe

359 1273 530 1338 quas
561 1273 652 1318 ex
701 1253 876 1320 Mss,
927 1254 1085 1334 fide,
1133 1275 1396 1320 summa
1439 1254 1783 1340 diligentia
1828 1257 2093 1322 confirm
2101 1257 2261 1320 avit.
2348 1255 2571 1339 Atque

357 1356 670 1438 equidem
731 1355 947 1435 illum,
1016 1359 1170 1441 quia
1227 1357 1558 1422 immutati
1624 1362 1849 1423 textus
1898 1359 2191 1440 vulgaris
2236 1357 2577 1423 reddenda

357 1459 530 1524 ratio
572 1459 717 1538 fuit,
748 1460 1190 1543 appellamus.
1279 1459 1528 1524 Ceteris
1558 1479 1759 1544 quam
1808 1465 2213 1536 meruerunt,
2246 1478 2567 1542 suamque

358 1565 684 1645 praestant
708 1559 972 1626 illorum
999 1560 1165 1624 bene
1195 1561 1450 1644 scripta
1479 1566 1548 1625 et
1574 1561 1775 1638 facta,
1798 1579 1921 1644 ego
1950 1561 2303 1626 homuncio
2340 1579 2575 1641 augere

357 1661 623 1726 laudem
654 1681 788 1726 non
814 1681 1116 1746 possum,
1148 1680 1347 1746 quam
1387 1663 1757 1728 maximam
1788 1681 2017 1726 omnes
2046 1661 2299 1728 saciant
2330 1661 2573 1747 quibus

357 1763 770 1828 innotescent
834 1781 922 1826 ex
971 1762 1198 1827 animo
1251 1782 1586 1829 vove-us.
1680 1761 2137 1842 Quamobrem
2206 1765 2301 1828 ita
2348 1763 2575 1846 potius

360 1881 560 1946 agere
609 1864 944 1928 decretum
987 1863 1185 1928 fuerit
1227 1865 1372 1928 dixi
1436 1865 1524 1929 ad
1595 1864 2029 1929 Sallustium:
2092 1881 2376 1947 cumque
2420 1863 2575 1928 ideo

357 1965 586 2030 nullus
629 1970 1036 2047 conquestus
1065 1965 1181 2043 sit,
1208 1985 1342 2031 non
1369 1967 1512 2031 sine
1559 1985 1769 2032 causa
1798 1966 2059 2030 laesisse
2086 1985 2195 2028 me
2220 1964 2573 2043 neminem,

357 2071 436 2130 ut
460 2085 798 2150 nunquam
827 2066 898 2130 in
944 2066 1237 2131 animum
1275 2066 1516 2131 induxi
1561 2086 1811 2143 meum,
1855 2085 1939 2130 ea
1989 2067 2249 2130 ratione
2304 2065 2575 2132 credidi.

357 2164 438 2230 Si
491 2185 628 2251 qua
674 2185 832 2231 vero
875 2172 994 2232 aut
1040 2167 1332 2250 cogitare
1375 2169 1525 2251 ipse
1571 2166 1949 2244 commode,
2002 2172 2121 2232 aut
2161 2186 2248 2230 ex
2294 2166 2578 2231 aliorum

357 2267 940 2333 lucubrationibus
983 2267 1266 2332 fideliter
1301 2267 1651 2332 admonere
1698 2267 1975 2346 institui,
2028 2268 2398 2332 maximum
2448 2267 2577 2332 tibi

357 2367 578 2434 videri
607 2367 830 2447 debet,
859 2367 1038 2451 quod
1067 2367 1208 2445 illa,
1257 2367 1635 2451 cujusmodi
1682 2387 1831 2432 esse
1862 2367 2228 2446 videantur,
2276 2387 2399 2450 per
2438 2367 2580 2431 edi-

359 2471 610 2535 tionem
637 2467 913 2535 nitidam
960 2476 1164 2552 atque
1198 2475 1584 2535 accuratam
1636 2469 1757 2534 tibi
1810 2469 2034 2534 statim
2080 2475 2150 2534 et
2200 2470 2345 2535 sine
2398 2469 2580 2535 omni

360 2573 592 2637 labore
625 2578 932 2655 pateant.
1023 2570 1218 2635 Illam
1244 2590 1532 2653 namque
1557 2572 1945 2652 procuravit
1976 2576 2173 2654 atque
2202 2570 2583 2635 emendavit

363 2672 425 2739 I.
457 2671 892 2749 Anissonius‚
944 2672 1332 2753 Bibliopola
1361 2668 1851 2750 Lugdunensis,
1899 2670 2093 2751 cujus
2139 2670 2579 2735 eruditionem

359 2774 426 2841 si
453 2779 789 2858 pateretur
813 2772 966 2855 ejus
1000 2771 1356 2845 modestia,
1403 2768 1603 2833 facile
1652 2768 2077 2847 asseruerim,
2114 2771 2359 2851 cuique
2408 2770 2581 2835 adeo

363 2880 574 2941 totum
617 2892 790 2957 opus
836 2872 1236 2938 concredere
1277 2890 1406 2935 non
1461 2871 1606 2935 sine
1662 2888 1870 2935 causa
1918 2869 2081 2933 mihi
2124 2870 2375 2953 volupe
2429 2870 2580 2936 fuit.

358 2974 796 3045 ‘nummatior
823 2974 938 3049 sit,
967 2992 1170 3056 quam
1199 2978 1274 3037 ut
1301 2968 1877 3037 commendatione
1904 2988 2055 3033 mea
2080 2968 2397 3052 indigeat,
2427 2972 2577 3051 tibi,

366 3077 698 3153 Ltc‘ron,
723 3092 862 3139 non
903 3074 1028 3150 illi,
1071 3090 1456 3156 quanquam
1505 3076 1574 3137 et
1620 3068 1805 3137 istud
1842 3070 2137 3135 maxime
2182 3072 2575 3153 cupiverim,

363 3180 522 3264 ejus
559 3178 742 3242 facta
779 3175 1114 3239 mentione
1141 3178 1564 3258 prospectum
1583 3172 1791 3239 volui.
1878 3170 2059 3261 Vive
2086 3190 2243 3235 vero
2264 3171 2485 3252 latus,
2510 3180 2582 3240 et

361 3279 616 3347 nostris
647 3274 1006 3346 conatibus
1031 3274 1206 3343 fave.

1534 3402 1907 3475 mmm.
1950 3401 2493 3505 cmspmus
