3217 4946
1298 401 1719 452 reamque.
2564 389 2615 455 Ξ)

392 546 674 624 inducit,
719 563 924 630 quam
987 546 1052 609 si
1095 544 1460 630 Evangelio
1519 546 1931 614 credidisset.
2014 547 2233 634 Cujus
2295 545 2613 616 ridiculos

392 667 631 714 versus
657 649 894 713 referre
925 647 1162 731 piguit.
1254 649 1631 732 Superest'
1601 670 1771 733 Jam,
1800 656 1877 715 ut
1900 656 2039 716 tam
2064 652 2233 717 bene
2260 649 2347 716 de
2377 651 2611 716 melio·-

393 751 580 816 ribus
620 751 828 814 literis
871 769 1072 832 paeue
1115 769 1158 814 a
1195 769 1408 834 puero
1435 751 1657 816 meriti
1686 752 1911 816 doleas
1936 753 2147 828 vices,
2172 753 2291 834 qui
2320 751 2613 835 Aug-usfi

389 853 584 928 iram,
631 870 848 935 neque
891 851 1061 916 adeo
1105 851 1368 916 Tiberii
1413 855 1825 918 successoris
1872 855 2225 932 saevitiam,
2264 854 2433 918 nihil
2476 873 2611 920 non

393 959 714 1035 expertus
763 959 1003 1030 tamen,
1049 953 1304 1017 mollire
1349 973 1647 1038 unquam
1693 957 1935 1037 potuit.
2022 953 2181 1034 Qua
2214 975 2421 1021 causa
2466 965 2609 1022 tam

395 1071 630 1136 aspere
655 1054 846 1118 illum
874 1054 1152 1132 laeserit,
1203 1061 1281 1120 ut
1319 1056 1544 1120 nullus
1587 1057 1801 1122 veuiae
1843 1056 2041 1123 fuerit
2082 1059 2275 1122 locus
2302 1059 2605 1138 relictus,

395 1155 588 1220 multi
657 1157 1076 1240 conjiciendo
1141 1161 1409 1243 assequi
1483 1159 1911 1240 studuerunt3
1970 1180 2231 1245 nosque
2282 1161 2489 1226 etiam
2536 1163 2609 1225 in

398 1257 614 1322 Notis·
643 1277 730 1324 ea
759 1260 842 1322 de
887 1279 960 1323 re
1009 1261 1400 1324 sententiam
1445 1267 1747 1326 nostram
1776 1261 2095 1326 diximus.
2182 1266 2300 1342 At,
2340 1283 2423 1327 ne
2452 1263 2613 1346 plus

393 1379 594 1442 aequo
639 1361 1044 1443 conjecturae
1105 1368 1352 1426 nostrae
1407 1362 1659 1426 favisse
1724 1362 2049 1441 dicamur,
2118 1365 2397 1430 libenter
2444 1363 2609 1428 viris

395 1461 610 1526 doctis
642 1463 1056 1542 assentimur,
1081 1463 1200 1546 qui
1231 1462 1502 1528 modum
1525 1483 1769 1546 ponere
1798 1465 2167 1531 curiositati
2194 1467 2404 1532 satius
2434 1465 2611 1530 dux<-

393 1569 578 1626 erunt
604 1563 674 1624 in
699 1584 792 1640 re,
817 1583 1020 1647 quam
1053 1565 1314 1628 nescire
1339 1583 1414 1628 se
1443 1583 1711 1647 quoque
1738 1565 1909 1630 velle
1930 1571 2216 1631 testatus
2240 1571 2357 1634 ,est
2387 1566 2607 1646 Naso,

391 1663 538 1746 ipse
567 1670 893 1747 praeterea
919 1665 1212 1730 offensus
1243 1665 1623 1750 Imperator
1644 1666 2116 1747 dissimulavit,
2142 1687 2345 1752 quam
2368 1685 2604 1734 manes

395 1764 574 1830 iilius
637 1767 998 1831 solicitare.
1113 1765 1617 1853 Cuiuscumque
1688 1789 1771 1834 ea
1839 1768 2039 1836 fuerit
2106 1771 2387 1853 generis,
2450 1769 2609 1834 ideo

391 1867 602 1931 exilio
619 1867 986 1934 mulctatus
1014 1875 1152 1934 est:
1197 1871 1380 1954 quod
1411 1871 1588 1955 suga}
1618 1875 1887 1938 nomine
1910 1874 2353 1955 omnibusque
2382 1869 2607 1936 modis

393 1968 598 2032 lenire
625 1976 934 2046 conatus,
958 1970 1193 2035 Tomis
1223 1971 1821 2056 impatientissime,
1846 1979 2075 2058 utpote
2102 1973 2269 2038 inter
2292 1973 2605 2056 Scythas,

391 2069 694 2134 homines
737 2072 1034 2134 maxime
1072 2072 1416 2149 barbarea,
1469 2074 1596 2136 sub
1650 2075 1827 2140 coelo
1870 2074 2343 2151 inmitissimo,
2362 2077 2437 2136 ‘et
2464 2073 2606 2138 lm-

393 2171 668 2252 gissime
705 2172 794 2236 ab
857 2173 1164 2237 omuibus
1213 2174 1577 2239 amicorum
1637 2175 1929 2259 aliisque
1978 2174 2237 2240 deliciis
2280 2179 2607 2250 remotus,

393 2271 718 2338 tolerasse
763 2278 1063 2339 testatur.
1151 2274 1561 2358 Quanquam
1603 2295 1689 2340 ne
1730 2282 1869 2342 tam
1896 2275 2167 2360 quidem
2204 2275 2399 2340 malis
2440 2276 2604 2351 suis,

391 2391 608 2458 neque
635 2375 1027 2458 aegritudine
1053 2379 1258 2442 animi
1285 2379 1667 2444 confectum
1708 2379 1939 2455 fuisse,
1970 2397 2169 2462 quam
2192 2375 2369 2440 velle
2391 2374 2607 2440 viden·

393 2477 826 2559 crediderim3
869 2485 944 2543 ut
992 2480 1252 2545 scilicet
1297 2478 1592 2564 Augusti
1644 2480 2091 2555 clementiam,
2124 2480 2185 2543 si
2228 2496 2365 2561 qua
2408 2483 2608 2554 esset,

391 2585 714 2657 moveret,
743 2587 812 2644 et
851 2581 1138 2646 reditum
1181 2601 1403 2660 suum,
1433 2582 1545 2647 vel
1589 2584 1828 2647 saltem
1854 2582 1991 2646 loci
2020 2580 2607 2646 commutationem

393 2680 789 2763 impetraret.
876 2681 1078 2747 Anno
1125 2683 1356 2747 mundi
1397 2683 1574 2747 3957
1601 2689 1761 2766 post
1790 2681 2137 2745 Christum
2162 2686 2391 2744 natum
2418 2684 2607 2745 ecta-

393 2800 506 2857 vo‚
547 2800 701 2847 eum
745 2784 896 2865 ipse
925 2783 1117 2849 Naso
1157 2785 1772 2867 quinquagesimum
1800 2788 2049 2864 ageret,
2084 2780 2415 2864 siquidem
2447 2779 2608 2845 Hin-

393 2883 497 2948 tio
527 2890 597 2948 et
618 2884 846 2949 Pansa
871 2884 1300 2963 Consulibus,
1341 2886 1653 2969 adeoque
1690 2884 1918 2949 mundi
1944 2882 2121 2948 3907
2160 2886 2381 2959 natus,
2422 2880 2607 2947 Urbe

391 2985 650 3068 ejectus
715 2994 858 3069 est3
928 2989 1200 3053 domum
1265 2989 1581 3072 amplam,
1653 3006 1855 3070 quam
1926 2984 2167 3051 habuit
2234 2983 2607 3049 secundm

386 3085 826 3171 Capitolium,
855 3108 1070 3173 neque
1115 3091 1346 3154 hortos
1373 3090 1867 3155 moenissimos
1908 3106 2119 3171 prope
2146 3086 2327 3150 viam
2356 3084 2607 3149 Flami·-

390 3187 598 3265 niam,
623 3208 957 3273 nunquam
981 3192 1267 3255 visurus.
1353 3190 1596 3255 Tomis
1624 3190 1713 3254 ad
1755 3190 1958 3254 Ponti
1988 3186 2238 3253 Euxini
2263 3192 2331 3251 et
2376 3186 2606 3253 Dm

392 3290 493 3355 bii
537 3308 716 3369 oras,
761 3312 898 3375 quo
955 3292 1308 3375 ablegatus
1349 3291 1562 3357 fuerat
1624 3311 1747 3375 per
1785 3308 2029 3355 novem
2076 3306 2287 3353 annos
2344 3289 2607 3354 circiter

391 3392 612 3472 vixit3
653 3392 890 3459 deinde
925 3394 1190 3459 ibidem·
1213 3393 1357 3459 fato
1400 3393 1669 3457 functus
1712 3398 1832 3470 est,
1864 3390 2021 3457 Tib.
2068 3392 2246 3473 imp.·
2268 3390 2343 3453 S.
2374 3390 2606 3455 Toni-

387 3501 693 3559 tanorum
733 3495 1104 3559 barbariem
1167 3515 1248 3559 eo
1307 3514 1519 3579 usque
1575 3494 1895 3558 molliisse
1930 3492 2155 3557 nullus
2220 3490 2488 3569 dubito,
2530 3496 2609 3559 ut

379 3596 718 3660 amissum
779 3599 1096 3679 lugerent,
1165 3596 1450 3681 ejusque
1485 3597 1689 3661 funus
1756 3614 1897 3678 quo
1960 3595 2263 3659 maximo
2330 3598 2607 3677 possunt

391 3698 640 3764 honore
710 3704 1277 3782 prosequerentur.
1375 3696 1691 3761 Ceterum
1764 3695 2197 3780 Epitaphium
2266 3694 2606 3773 Latinum,

391 3800 572 3881 quod
617 3802 852 3884 tymbo
903 3820 1031 3865 seu
1077 3798 1432 3882 sepulchro
1483 3800 1705 3881 ipsius
1753 3798 2170 3879 inscriptum,
2198 3800 2401 3879 atque
2430 3811 2604 3861 anno

393 3901 569 3967 1⁵⁰ss
611 3908 948 3991 repertum
993 3900 1282 3967 nonnulli
1323 3906 1677 3977 testantur,
1726 3899 2115 3982 neutiquam
2156 3896 2449 3979 Augusti
2498 3896 2606 3961 vd

389 4001 646 4067 Tiberii
689 4022 917 4070 aevum
959 4022 1227 4087 sapere,
1271 4002 1524 4087 optime
1577 4020 1740 4067 sane
1782 4001 1908 4067 viri
1952 4000 2143 4065 doeti
2180 4002 2603 4063 eensuenrnt.

393 4102 786 4183 Quinetiam
805 4112 1097 4190 quatuor
1137 4124 1401 4184 versus,
1423 4104 1679 4189 quibus
1696 4102 1882 4174 illud
1928 4106 2209 4179 constat,
2234 4100 2605 4166 desaihm

377 4210 564 4275 mii
595 4227 744 4277 non
778 4215 890 4274 est
917 4208 1160 4274 risum.
1229 4207 1574 4278 Generum
1593 4207 1944 4292 reliquisse
1970 4202 2608 4276 volunt-Corneio·
