<?xml version="1.0" encoding="UTF-8"?>
<!DOCTYPE html PUBLIC "-//W3C//DTD XHTML 1.0 Transitional//EN"
    "http://www.w3.org/TR/xhtml1/DTD/xhtml1-transitional.dtd">
<html xmlns="http://www.w3.org/1999/xhtml" xml:lang="en" lang="en">
 <head>
  <title>
</title>
<meta http-equiv="Content-Type" content="text/html;charset=utf-8" />
  <meta name='ocr-system' content='tesseract 3.04.00' />
  <meta name='ocr-capabilities' content='ocr_page ocr_carea ocr_par ocr_line ocrx_word'/>
</head>
<body>
  <div class='ocr_page' id='page_1' title='image "./povidiinasoniso09ovidgoog_0051.png"; bbox 0 0 3217 4946; ppageno 0'>
   <div class='ocr_carea' id='block_1_1' title="bbox 1407 377 2617 444">
    <p class='ocr_par' dir='ltr' id='par_1_1' title="bbox 1407 377 2617 444">
     <span class='ocr_line' id='line_1_1' title="bbox 1407 377 2617 444; baseline -0.001 -2"><span class='ocrx_word' id='word_1_1' title='bbox 1407 393 1617 444; x_wconf 54' lang='lat' dir='ltr'><strong>vrrae.</strong></span> <span class='ocrx_word' id='word_1_2' title='bbox 2529 377 2617 441; x_wconf 75' lang='lat'><strong>25</strong></span> 
     </span>
    </p>
   </div>
   <div class='ocr_carea' id='block_1_2' title="bbox 863 911 2099 1036">
    <p class='ocr_par' dir='ltr' id='par_1_2' title="bbox 863 911 2099 1036">
     <span class='ocr_line' id='line_1_2' title="bbox 863 911 2099 1036; baseline 0 -12"><span class='ocrx_word' id='word_1_3' title='bbox 863 911 872 918; x_wconf 79' lang='grc'><strong><em>’</em></strong></span> <span class='ocrx_word' id='word_1_4' title='bbox 930 945 1196 1024; x_wconf 87' lang='lat' dir='ltr'><strong>ALIA</strong></span> <span class='ocrx_word' id='word_1_5' title='bbox 1260 943 1745 1024; x_wconf 78' lang='lat' dir='ltr'><strong>NASONIS</strong></span> <span class='ocrx_word' id='word_1_6' title='bbox 1807 947 2099 1036; x_wconf 84' lang='lat' dir='ltr'><strong>vrrA,</strong></span> 
     </span>
    </p>
   </div>
   <div class='ocr_carea' id='block_1_3' title="bbox 1107 1245 1908 1316">
    <p class='ocr_par' dir='ltr' id='par_1_3' title="bbox 1107 1245 1908 1316">
     <span class='ocr_line' id='line_1_3' title="bbox 1107 1245 1908 1316; baseline 0 -2"><span class='ocrx_word' id='word_1_7' title='bbox 1107 1245 1214 1314; x_wconf 70' lang='lat' dir='ltr'><strong>Ex</strong></span> <span class='ocrx_word' id='word_1_8' title='bbox 1249 1245 1472 1314; x_wconf 75' lang='lat' dir='ltr'><strong>Codice</strong></span> <span class='ocrx_word' id='word_1_9' title='bbox 1501 1247 1908 1316; x_wconf 70' lang='lat' dir='ltr'><strong>farnesiano.</strong></span> 
     </span>
    </p>
   </div>
   <div class='ocr_carea' id='block_1_4' title="bbox 495 1495 2607 1584">
    <p class='ocr_par' dir='ltr' id='par_1_4' title="bbox 495 1495 2607 1584">
     <span class='ocr_line' id='line_1_4' title="bbox 495 1495 2607 1584; baseline 0.003 -24"><span class='ocrx_word' id='word_1_10' title='bbox 495 1495 575 1560; x_wconf 87' lang='lat' dir='ltr'><strong>P.</strong></span> <span class='ocrx_word' id='word_1_11' title='bbox 606 1496 934 1563; x_wconf 81' lang='lat' dir='ltr'><strong>Ovmms</strong></span> <span class='ocrx_word' id='word_1_12' title='bbox 983 1495 1197 1563; x_wconf 76' lang='lat' dir='ltr'><strong>NASO</strong></span> <span class='ocrx_word' id='word_1_13' title='bbox 1251 1497 1551 1580; x_wconf 84' lang='lat' dir='ltr'><strong>Pelignis</strong></span> <span class='ocrx_word' id='word_1_14' title='bbox 1582 1505 1787 1563; x_wconf 87' lang='lat' dir='ltr'><strong>natus</strong></span> <span class='ocrx_word' id='word_1_15' title='bbox 1828 1517 1909 1562; x_wconf 85' lang='lat' dir='ltr'><strong>eo</strong></span> <span class='ocrx_word' id='word_1_16' title='bbox 1956 1517 2133 1563; x_wconf 82' lang='lat' dir='ltr'><strong>anno</strong></span> <span class='ocrx_word' id='word_1_17' title='bbox 2179 1519 2315 1584; x_wconf 90' lang='lat' dir='ltr'><strong>quo</strong></span> <span class='ocrx_word' id='word_1_18' title='bbox 2346 1499 2607 1567; x_wconf 83' lang='lat' dir='ltr'><strong>Hirtius</strong></span> 
     </span>
    </p>
   </div>
   <div class='ocr_carea' id='block_1_5' title="bbox 401 1596 2701 1684">
    <p class='ocr_par' dir='ltr' id='par_1_5' title="bbox 401 1596 2701 1684">
     <span class='ocr_line' id='line_1_5' title="bbox 401 1596 2701 1684; baseline 0.001 -21"><span class='ocrx_word' id='word_1_19' title='bbox 401 1605 476 1664; x_wconf 85' lang='lat' dir='ltr'><strong>et</strong></span> <span class='ocrx_word' id='word_1_20' title='bbox 524 1597 753 1664; x_wconf 81' lang='lat' dir='ltr'><strong>Pansa</strong></span> <span class='ocrx_word' id='word_1_21' title='bbox 808 1596 1006 1664; x_wconf 84' lang='lat' dir='ltr'><strong>Coss.</strong></span> <span class='ocrx_word' id='word_1_22' title='bbox 1061 1601 1134 1663; x_wconf 89' lang='lat' dir='ltr'><strong>in</strong></span> <span class='ocrx_word' id='word_1_23' title='bbox 1189 1596 1556 1663; x_wconf 83' lang='lat' dir='ltr'><strong>Mutinensi</strong></span> <span class='ocrx_word' id='word_1_24' title='bbox 1603 1601 1779 1664; x_wconf 89' lang='lat' dir='ltr'><strong>bello</strong></span> <span class='ocrx_word' id='word_1_25' title='bbox 1830 1602 2162 1684; x_wconf 86' lang='lat' dir='ltr'><strong>perierunt</strong></span> <span class='ocrx_word' id='word_1_26' title='bbox 2208 1601 2428 1679; x_wconf 86' lang='lat' dir='ltr'><strong>simul,</strong></span> <span class='ocrx_word' id='word_1_27' title='bbox 2465 1620 2603 1684; x_wconf 88' lang='lat' dir='ltr'><strong>quo</strong></span> <span class='ocrx_word' id='word_1_28' title='bbox 2690 1620 2701 1630; x_wconf 93' lang='lat'><strong>·</strong></span> 
     </span>
    </p>
   </div>
   <div class='ocr_carea' id='block_1_6' title="bbox 387 1699 2608 3003">
    <p class='ocr_par' dir='ltr' id='par_1_6' title="bbox 387 1699 2608 3003">
     <span class='ocr_line' id='line_1_6' title="bbox 403 1699 2608 1785; baseline 0 -19"><span class='ocrx_word' id='word_1_29' title='bbox 403 1701 620 1785; x_wconf 85' lang='lat' dir='ltr'><strong>coepit</strong></span> <span class='ocrx_word' id='word_1_30' title='bbox 663 1699 1134 1765; x_wconf 77' lang='lat' dir='ltr'><strong>triumviratus,</strong></span> <span class='ocrx_word' id='word_1_31' title='bbox 1227 1700 1522 1765; x_wconf 83' lang='lat' dir='ltr'><strong>Fratrem</strong></span> <span class='ocrx_word' id='word_1_32' title='bbox 1564 1701 1799 1766; x_wconf 84' lang='lat' dir='ltr'><strong>habuit</strong></span> <span class='ocrx_word' id='word_1_33' title='bbox 1844 1703 2105 1767; x_wconf 89' lang='lat' dir='ltr'><strong>nomine</strong></span> <span class='ocrx_word' id='word_1_34' title='bbox 2135 1700 2423 1766; x_wconf 84' lang='lat' dir='ltr'><strong>Lucium</strong></span> <span class='ocrx_word' id='word_1_35' title='bbox 2448 1709 2608 1766; x_wconf 81' lang='lat' dir='ltr'><strong>natu</strong></span> 
     </span>
     <span class='ocr_line' id='line_1_7' title="bbox 401 1800 2605 1885; baseline 0 -19"><span class='ocrx_word' id='word_1_36' title='bbox 401 1801 747 1885; x_wconf 77' lang='lat' dir='ltr'><strong>majorem,</strong></span> <span class='ocrx_word' id='word_1_37' title='bbox 776 1800 1156 1866; x_wconf 85' lang='lat' dir='ltr'><strong>defunctum</strong></span> <span class='ocrx_word' id='word_1_38' title='bbox 1183 1805 1406 1868; x_wconf 88' lang='lat' dir='ltr'><strong>tamen</strong></span> <span class='ocrx_word' id='word_1_39' title='bbox 1444 1805 1516 1868; x_wconf 91' lang='lat' dir='ltr'><strong>in</strong></span> <span class='ocrx_word' id='word_1_40' title='bbox 1557 1803 1849 1868; x_wconf 84' lang='lat' dir='ltr'><strong>minimis</strong></span> <span class='ocrx_word' id='word_1_41' title='bbox 1894 1803 2111 1868; x_wconf 83' lang='lat' dir='ltr'><strong>annis.</strong></span> <span class='ocrx_word' id='word_1_42' title='bbox 2197 1802 2436 1870; x_wconf 82' lang='lat' dir='ltr'><strong>Romae</strong></span> <span class='ocrx_word' id='word_1_43' title='bbox 2480 1803 2605 1867; x_wconf 86' lang='lat' dir='ltr'><strong>sub</strong></span> 
     </span>
     <span class='ocr_line' id='line_1_8' title="bbox 399 1901 2607 1988; baseline 0 -22"><span class='ocrx_word' id='word_1_44' title='bbox 399 1901 628 1969; x_wconf 85' lang='lat' dir='ltr'><strong>Plotio</strong></span> <span class='ocrx_word' id='word_1_45' title='bbox 657 1901 919 1986; x_wconf 85' lang='lat' dir='ltr'><strong>Grippo</strong></span> <span class='ocrx_word' id='word_1_46' title='bbox 942 1903 1154 1967; x_wconf 85' lang='lat' dir='ltr'><strong>literis</strong></span> <span class='ocrx_word' id='word_1_47' title='bbox 1199 1922 1473 1988; x_wconf 82' lang='lat' dir='ltr'><strong>operam</strong></span> <span class='ocrx_word' id='word_1_48' title='bbox 1515 1903 1723 1970; x_wconf 85' lang='lat' dir='ltr'><strong>dedit:</strong></span> <span class='ocrx_word' id='word_1_49' title='bbox 1768 1922 1811 1966; x_wconf 85' lang='lat' dir='ltr'><strong>a</strong></span> <span class='ocrx_word' id='word_1_50' title='bbox 1840 1901 2151 1968; x_wconf 88' lang='lat' dir='ltr'><strong>Cornelio</strong></span> <span class='ocrx_word' id='word_1_51' title='bbox 2180 1903 2381 1970; x_wconf 83' lang='lat' dir='ltr'><strong>Gallo</strong></span> <span class='ocrx_word' id='word_1_52' title='bbox 2412 1903 2607 1968; x_wconf 84' lang='lat' dir='ltr'><strong>ditis-</strong></span> 
     </span>
     <span class='ocr_line' id='line_1_9' title="bbox 401 2003 2604 2088; baseline 0 -20"><span class='ocrx_word' id='word_1_53' title='bbox 401 2005 572 2070; x_wconf 88' lang='lat' dir='ltr'><strong>simo</strong></span> <span class='ocrx_word' id='word_1_54' title='bbox 613 2010 686 2070; x_wconf 88' lang='lat' dir='ltr'><strong>et</strong></span> <span class='ocrx_word' id='word_1_55' title='bbox 727 2003 1120 2070; x_wconf 87' lang='lat' dir='ltr'><strong>doctissimo</strong></span> <span class='ocrx_word' id='word_1_56' title='bbox 1163 2005 1334 2083; x_wconf 81' lang='lat' dir='ltr'><strong>cive,</strong></span> <span class='ocrx_word' id='word_1_57' title='bbox 1406 2014 1474 2072; x_wconf 86' lang='lat' dir='ltr'><strong>et</strong></span> <span class='ocrx_word' id='word_1_58' title='bbox 1539 2024 1582 2069; x_wconf 86' lang='lat' dir='ltr'><strong>a</strong></span> <span class='ocrx_word' id='word_1_59' title='bbox 1628 2003 1727 2070; x_wconf 88' lang='lat' dir='ltr'><strong>M.</strong></span> <span class='ocrx_word' id='word_1_60' title='bbox 1768 2003 2071 2070; x_wconf 81' lang='lat' dir='ltr'><strong>Varrone</strong></span> <span class='ocrx_word' id='word_1_61' title='bbox 2128 2005 2343 2070; x_wconf 86' lang='lat' dir='ltr'><strong>multa</strong></span> <span class='ocrx_word' id='word_1_62' title='bbox 2398 2005 2604 2088; x_wconf 86' lang='lat' dir='ltr'><strong>cepit.</strong></span> 
     </span>
     <span class='ocr_line' id='line_1_10' title="bbox 401 2103 2606 2188; baseline 0 -17"><span class='ocrx_word' id='word_1_63' title='bbox 401 2105 994 2172; x_wconf 73' lang='lat' dir='ltr'><strong>Familiafissimus</strong></span> <span class='ocrx_word' id='word_1_64' title='bbox 1046 2104 1176 2169; x_wconf 86' lang='lat' dir='ltr'><strong>fuit</strong></span> <span class='ocrx_word' id='word_1_65' title='bbox 1227 2104 1276 2168; x_wconf 82' lang='lat' dir='ltr'><strong>J</strong></span> <span class='ocrx_word' id='word_1_66' title='bbox 1281 2103 1398 2170; x_wconf 90' lang='lat' dir='ltr'><strong>ulii</strong></span> <span class='ocrx_word' id='word_1_67' title='bbox 1447 2105 1701 2188; x_wconf 80' lang='lat' dir='ltr'>Hygini</span> <span class='ocrx_word' id='word_1_68' title='bbox 1746 2103 2206 2172; x_wconf 85' lang='lat' dir='ltr'><strong>Grammatici.</strong></span> <span class='ocrx_word' id='word_1_69' title='bbox 2297 2106 2606 2171; x_wconf 84' lang='lat' dir='ltr'><strong>Paternis</strong></span> 
     </span>
     <span class='ocr_line' id='line_1_11' title="bbox 399 2205 2607 2292; baseline 0 -20"><span class='ocrx_word' id='word_1_70' title='bbox 399 2207 684 2274; x_wconf 71' lang='lat' dir='ltr'><strong>stimulis</strong></span> <span class='ocrx_word' id='word_1_71' title='bbox 704 2206 849 2271; x_wconf 81' lang='lat' dir='ltr'><strong>foro</strong></span> <span class='ocrx_word' id='word_1_72' title='bbox 872 2205 1284 2288; x_wconf 85' lang='lat' dir='ltr'><strong>aliquamdiu</strong></span> <span class='ocrx_word' id='word_1_73' title='bbox 1308 2205 1641 2271; x_wconf 82' lang='lat' dir='ltr'>incubuit:</span> <span class='ocrx_word' id='word_1_74' title='bbox 1670 2205 1847 2270; x_wconf 89' lang='lat' dir='ltr'><strong>unde</strong></span> <span class='ocrx_word' id='word_1_75' title='bbox 1870 2207 2253 2291; x_wconf 87' lang='lat' dir='ltr'><strong>plerumque</strong></span> <span class='ocrx_word' id='word_1_76' title='bbox 2270 2206 2607 2292; x_wconf 88' lang='lat' dir='ltr'><strong>judicium</strong></span> 
     </span>
     <span class='ocr_line' id='line_1_12' title="bbox 399 2307 2605 2392; baseline -0 -19"><span class='ocrx_word' id='word_1_77' title='bbox 399 2307 653 2375; x_wconf 82' lang='lat' dir='ltr'><strong>dixerit</strong></span> <span class='ocrx_word' id='word_1_78' title='bbox 675 2309 842 2373; x_wconf 88' lang='lat' dir='ltr'><strong>inter</strong></span> <span class='ocrx_word' id='word_1_79' title='bbox 872 2313 1138 2372; x_wconf 88' lang='lat' dir='ltr'><strong>centum</strong></span> <span class='ocrx_word' id='word_1_80' title='bbox 1166 2307 1370 2371; x_wconf 84' lang='lat' dir='ltr'><strong>viros.</strong></span> <span class='ocrx_word' id='word_1_81' title='bbox 1457 2307 1627 2374; x_wconf 86' lang='lat' dir='ltr'><strong>Post</strong></span> <span class='ocrx_word' id='word_1_82' title='bbox 1670 2309 1965 2390; x_wconf 87' lang='lat' dir='ltr'><strong>parentis</strong></span> <span class='ocrx_word' id='word_1_83' title='bbox 2009 2315 2285 2374; x_wconf 87' lang='lat' dir='ltr'><strong>mortem</strong></span> <span class='ocrx_word' id='word_1_84' title='bbox 2320 2309 2407 2372; x_wconf 83' lang='lat' dir='ltr'><strong>ad</strong></span> <span class='ocrx_word' id='word_1_85' title='bbox 2439 2307 2605 2392; x_wconf 63' lang='lat' dir='ltr'><strong>poe-</strong></span> 
     </span>
     <span class='ocr_line' id='line_1_13' title="bbox 397 2406 2603 2497; baseline -0.002 -18"><span class='ocrx_word' id='word_1_86' title='bbox 397 2411 573 2479; x_wconf 84' lang='lat' dir='ltr'><strong>ticen</strong></span> <span class='ocrx_word' id='word_1_87' title='bbox 599 2410 855 2497; x_wconf 79' lang='lat' dir='ltr'><strong>integer</strong></span> <span class='ocrx_word' id='word_1_88' title='bbox 881 2407 1102 2487; x_wconf 86' lang='lat' dir='ltr'><strong>rediit,</strong></span> <span class='ocrx_word' id='word_1_89' title='bbox 1131 2407 1536 2493; x_wconf 84' lang='lat' dir='ltr'><strong>scripsitque</strong></span> <span class='ocrx_word' id='word_1_90' title='bbox 1563 2408 1777 2471; x_wconf 89' lang='lat' dir='ltr'><strong>libros</strong></span> <span class='ocrx_word' id='word_1_91' title='bbox 1805 2406 1972 2472; x_wconf 87' lang='lat' dir='ltr'><strong>duos</strong></span> <span class='ocrx_word' id='word_1_92' title='bbox 2002 2407 2373 2475; x_wconf 89' lang='lat' dir='ltr'><strong>Heroidum</strong></span> <span class='ocrx_word' id='word_1_93' title='bbox 2402 2407 2603 2495; x_wconf 75' lang='lat' dir='ltr'><strong>Epis-</strong></span> 
     </span>
     <span class='ocr_line' id='line_1_14' title="bbox 399 2507 2603 2594; baseline -0.003 -13"><span class='ocrx_word' id='word_1_94' title='bbox 399 2514 714 2581; x_wconf 76' lang='lat' dir='ltr'><strong>telarum:</strong></span> <span class='ocrx_word' id='word_1_95' title='bbox 757 2512 909 2577; x_wconf 84' lang='lat' dir='ltr'><strong>inde</strong></span> <span class='ocrx_word' id='word_1_96' title='bbox 931 2531 1088 2577; x_wconf 85' lang='lat' dir='ltr'><strong>cum</strong></span> <span class='ocrx_word' id='word_1_97' title='bbox 1115 2509 1213 2575; x_wconf 88' lang='lat' dir='ltr'><strong>M.</strong></span> <span class='ocrx_word' id='word_1_98' title='bbox 1239 2507 1542 2575; x_wconf 83' lang='lat' dir='ltr'><strong>Varrone</strong></span> <span class='ocrx_word' id='word_1_99' title='bbox 1571 2508 1807 2575; x_wconf 81' lang='lat' dir='ltr'><strong>Asiam</strong></span> <span class='ocrx_word' id='word_1_100' title='bbox 1836 2510 2070 2594; x_wconf 86' lang='lat' dir='ltr'><strong>petiit3</strong></span> <span class='ocrx_word' id='word_1_101' title='bbox 2116 2512 2241 2575; x_wconf 89' lang='lat' dir='ltr'><strong>sub</strong></span> <span class='ocrx_word' id='word_1_102' title='bbox 2272 2531 2406 2593; x_wconf 86' lang='lat' dir='ltr'><strong>quo</strong></span> <span class='ocrx_word' id='word_1_103' title='bbox 2430 2511 2603 2575; x_wconf 89' lang='lat' dir='ltr'><strong>mili-</strong></span> 
     </span>
     <span class='ocr_line' id='line_1_15' title="bbox 396 2610 2605 2698; baseline -0.003 -16"><span class='ocrx_word' id='word_1_104' title='bbox 396 2617 603 2683; x_wconf 81' lang='lat' dir='ltr'><strong>tavit:</strong></span> <span class='ocrx_word' id='word_1_105' title='bbox 647 2632 864 2698; x_wconf 81' lang='lat' dir='ltr'><strong>neque</strong></span> <span class='ocrx_word' id='word_1_106' title='bbox 891 2614 1076 2697; x_wconf 78' lang='lat' dir='ltr'><strong>prius</strong></span> <span class='ocrx_word' id='word_1_107' title='bbox 1102 2612 1233 2677; x_wconf 85' lang='lat' dir='ltr'><strong>huc</strong></span> <span class='ocrx_word' id='word_1_108' title='bbox 1264 2631 1334 2676; x_wconf 83' lang='lat' dir='ltr'><strong>se</strong></span> <span class='ocrx_word' id='word_1_109' title='bbox 1365 2610 1666 2688; x_wconf 87' lang='lat' dir='ltr'><strong>contulit,</strong></span> <span class='ocrx_word' id='word_1_110' title='bbox 1715 2630 1917 2693; x_wconf 82' lang='lat' dir='ltr'><strong>quam</strong></span> <span class='ocrx_word' id='word_1_111' title='bbox 1958 2611 2405 2692; x_wconf 83' lang='lat' dir='ltr'><strong>peritissimus</strong></span> <span class='ocrx_word' id='word_1_112' title='bbox 2454 2610 2605 2675; x_wconf 88' lang='lat' dir='ltr'><strong>lite-</strong></span> 
     </span>
     <span class='ocr_line' id='line_1_16' title="bbox 395 2709 2601 2796; baseline -0.001 -16"><span class='ocrx_word' id='word_1_113' title='bbox 395 2738 614 2789; x_wconf 77' lang='lat' dir='ltr'><strong>rarum</strong></span> <span class='ocrx_word' id='word_1_114' title='bbox 655 2716 1049 2780; x_wconf 81' lang='lat' dir='ltr'><strong>Groecamm</strong></span> <span class='ocrx_word' id='word_1_115' title='bbox 1095 2712 1280 2778; x_wconf 83' lang='lat' dir='ltr'><strong>foret.</strong></span> <span class='ocrx_word' id='word_1_116' title='bbox 1369 2712 1660 2796; x_wconf 85' lang='lat' dir='ltr'><strong>Scripsit</strong></span> <span class='ocrx_word' id='word_1_117' title='bbox 1708 2709 1861 2774; x_wconf 89' lang='lat' dir='ltr'><strong>inde</strong></span> <span class='ocrx_word' id='word_1_118' title='bbox 1904 2711 2225 2793; x_wconf 76' lang='lat' dir='ltr'><strong>epistolas</strong></span> <span class='ocrx_word' id='word_1_119' title='bbox 2270 2711 2601 2793; x_wconf 77' lang='lat' dir='ltr'><strong>quasdam</strong></span> 
     </span>
     <span class='ocr_line' id='line_1_17' title="bbox 387 2809 2601 2899; baseline -0.005 -13"><span class='ocrx_word' id='word_1_120' title='bbox 387 2819 490 2887; x_wconf 71' lang='lat' dir='ltr'><strong>ad</strong></span> <span class='ocrx_word' id='word_1_121' title='bbox 513 2818 770 2884; x_wconf 84' lang='lat' dir='ltr'><strong>Tiberii</strong></span> <span class='ocrx_word' id='word_1_122' title='bbox 799 2814 1002 2880; x_wconf 82' lang='lat' dir='ltr'><strong>filiam</strong></span> <span class='ocrx_word' id='word_1_123' title='bbox 1027 2813 1151 2879; x_wconf 83' lang='lat' dir='ltr'><strong>sub</strong></span> <span class='ocrx_word' id='word_1_124' title='bbox 1174 2814 1352 2881; x_wconf 86' lang='lat' dir='ltr'><strong>falso</strong></span> <span class='ocrx_word' id='word_1_125' title='bbox 1379 2814 1642 2878; x_wconf 87' lang='lat' dir='ltr'><strong>nomine</strong></span> <span class='ocrx_word' id='word_1_126' title='bbox 1686 2830 1767 2877; x_wconf 81' lang='lat' dir='ltr'><strong>ac</strong></span> <span class='ocrx_word' id='word_1_127' title='bbox 1797 2810 1957 2877; x_wconf 84' lang='lat' dir='ltr'><strong>ficto</strong></span> <span class='ocrx_word' id='word_1_128' title='bbox 1985 2809 2287 2876; x_wconf 77' lang='lat' dir='ltr'><strong>Corinnae</strong></span> <span class='ocrx_word' id='word_1_129' title='bbox 2316 2811 2601 2899; x_wconf 79' lang='lat' dir='ltr'><strong>inscrip-</strong></span> 
     </span>
     <span class='ocr_line' id='line_1_18' title="bbox 395 2912 2597 3003; baseline -0.003 -18"><span class='ocrx_word' id='word_1_130' title='bbox 395 2930 700 3003; x_wconf 56' lang='lat' dir='ltr'><strong>tasfquae</strong></span> <span class='ocrx_word' id='word_1_131' title='bbox 729 2922 997 3001; x_wconf 86' lang='lat' dir='ltr'><strong>propter</strong></span> <span class='ocrx_word' id='word_1_132' title='bbox 1023 2916 1275 2980; x_wconf 86' lang='lat' dir='ltr'><strong>crimen</strong></span> <span class='ocrx_word' id='word_1_133' title='bbox 1301 2918 1486 2985; x_wconf 77' lang='lat' dir='ltr'><strong>laesoe</strong></span> <span class='ocrx_word' id='word_1_134' title='bbox 1515 2914 1891 3003; x_wconf 80' lang='lat' dir='ltr'><strong>majestatis</strong></span> <span class='ocrx_word' id='word_1_135' title='bbox 1920 2914 2292 2981; x_wconf 71' lang='lat' dir='ltr'><strong>combustae</strong></span> <span class='ocrx_word' id='word_1_136' title='bbox 2312 2912 2597 2981; x_wconf 83' lang='lat' dir='ltr'><strong>fuerunt.</strong></span> 
     </span>
    </p>
   </div>
   <div class='ocr_carea' id='block_1_7' title="bbox 395 3017 1240 3090">
    <p class='ocr_par' dir='ltr' id='par_1_7' title="bbox 395 3017 1240 3090">
     <span class='ocr_line' id='line_1_19' title="bbox 395 3017 1240 3090; baseline -0.011 0"><span class='ocrx_word' id='word_1_137' title='bbox 395 3021 569 3090; x_wconf 88' lang='lat' dir='ltr'><strong>Inde</strong></span> <span class='ocrx_word' id='word_1_138' title='bbox 593 3024 661 3086; x_wconf 87' lang='lat' dir='ltr'><strong>et</strong></span> <span class='ocrx_word' id='word_1_139' title='bbox 679 3017 960 3087; x_wconf 75' lang='lat' dir='ltr'><strong>exilium</strong></span> <span class='ocrx_word' id='word_1_140' title='bbox 983 3018 1240 3085; x_wconf 85' lang='lat' dir='ltr'><strong>meruit.</strong></span> 
     </span>
    </p>
   </div>
   <div class='ocr_carea' id='block_1_8' title="bbox 2094 3092 2141 3115">
    <p class='ocr_par' dir='ltr' id='par_1_8' title="bbox 2094 3092 2141 3115">
     <span class='ocr_line' id='line_1_20' title="bbox 2094 3092 2141 3115; baseline 0 -7"><span class='ocrx_word' id='word_1_141' title='bbox 2094 3092 2141 3115; x_wconf 62' lang='lat' dir='ltr'><strong>,a-</strong></span> 
     </span>
    </p>
   </div>
  </div>
 </body>
</html>
