3217 4946
829 1003 1748 1163 BENEVOLO
1863 1071 2615 1166 LEcTonr

1353 1367 2061 1456 SALUTEM.

595 2007 886 2096 Vr‘rAM
935 2051 1128 2096 suam
1175 2037 1315 2097 tam
1361 2038 1694 2112 accurate,
1728 2041 1999 2118 tamque
2026 2034 2361 2120 eleganter
2391 2036 2585 2102 Naso
2623 2036 2806 2123 ipse,

590 2133 912 2200 Tristium
933 2136 980 2199 1.
1006 2153 1108 2199 ιν.
1133 2135 1218 2199 el.
1239 2136 1370 2212 10„
1400 2137 1694 2217 posteris
1723 2139 2170 2221 consignavit,
2194 2146 2272 2204 ut
2301 2139 2637 2224 voluptati·
2663 2145 2806 2205 tuae

588 2236 916 2316 invidere,
938 2237 1292 2320 minusque
1318 2237 1482 2301 mihi
1513 2241 1857 2304 consulere
1881 2241 2137 2318 videar,
2162 2243 2243 2318 si,
2266 2259 2421 2324 quae
2447 2242 2560 2304 ille
2584 2241 2805 2325 scrip-

588 2339 700 2414 sit,
739 2338 930 2415 aliter
971 2339 1304 2403 inculcare
1355 2339 1742 2405 studuerim.
1830 2341 2176 2407 Nonnulla
2204 2342 2509 2427 adeoque
2538 2347 2803 2406 tantum

589 2438 934 2523 adjiciam,
964 2458 1120 2523 quae
1145 2443 1262 2503 aut
1287 2439 1546 2504 leviora
1570 2441 1670 2504 illi
1691 2443 1845 2505 visa
1872 2447 2045 2519 sunt,
2078 2445 2197 2505 aut
2224 2441 2307 2505 de
2334 2461 2408 2505 se
2436 2441 2803 2525 praedicare

587 2540 920 2607 modestia
955 2560 1089 2606 non
1120 2543 1299 2620 sivit,
1327 2540 1468 2604 fata
1492 2539 1777 2622 denique
1830 2560 1959 2605 sua
1986 2541 2227 2607 referre
2262 2542 2451 2607 illum
2478 2541 2801 2625 prohibu·

585 2648 790 2709 erunt.
882 2642 1129 2709 Posito
1159 2660 1341 2724 ergo,
1373 2643 1556 2725 quod
1587 2640 1893 2725 Elegiam
1920 2644 2102 2709 illam
2134 2643 2513 2729 perlegeriS‚
2540 2662 2629 2707 ex
2658 2662 2800 2726 qua

582 2766 717 2812 non
765 2746 1022 2811 natales
1061 2745 1267 2810 modo
1297 2744 1568 2823 Poetae,
1610 2745 1861 2823 studia,
1912 2745 2332 2831 plurimaque
2376 2746 2513 2810 alia
2542 2766 2611 2810 re
2643 2746 2796 2829 ipsa

581 2848 800 2929 magis
828 2867 1030 2931 quam
1051 2848 1346 2913 oratione
1375 2847 1522 2928 ejus
1548 2847 2048 2911 modestissima
2075 2849 2483 2929 perceperiS,
2506 2848 2797 2929 paucula

579 2947 731 3011 haec
759 2966 848 3011 ex
879 2946 1224 3011 doctorum
1252 2946 1542 3010 virorum
1589 2948 2023 3011 monumentis
2064 2946 2216 3009 hinc
2268 2946 2421 3009 inde
2466 2945 2791 3026 desumto,

582 3068 702 3114 seu
726 3048 933 3114 ctiam
962 3049 1050 3112 ab
1077 3048 1234 3131 ipso
1263 3047 1538 3112 Nasone
1565 3052 1889 3123 mutuata,
1915 3048 2017 3110 ita
2047 3046 2300 3130 accipe.
2389 3045 2794 3128 Ingeniosis-

581 3150 826 3216 simum
843 3149 1076 3228 fuisse,
1097 3154 1298 3233 atque
1325 3147 1701 3213 incredibili
1724 3146 2013 3233 quadam
2036 3146 2360 3211 facilitate
2380 3153 2449 3212 ct
2468 3148 2789 3214 felicitate

579 3270 624 3315 a
669 3257 904 3317 natura
944 3252 1340 3316 instructum
1382 3250 1598 3314 nullus
1643 3270 1777 3315 non
1827 3248 2253 3330 confitentum
2301 3250 2635 3334 siquidem
2681 3252 2789 3315 vel

575 3352 693 3417 illa
731 3354 884 3436 ipsa
931 3370 1084 3436 quae
1127 3370 1218 3415 ex
1266 3354 1406 3415 arte
1451 3349 1983 3433 exquisitissima
2028 3351 2115 3415 ab
2157 3352 2313 3434 ipso
2353 3350 2784 3435 proferuntur,

577 3460 830 3521 tantam
865 3454 1114 3536 ubique
1166 3452 1414 3517 habent
1453 3453 1981 3537 simplicitatem,
2028 3458 2105 3517 ut
2132 3453 2356 3537 quivis
2391 3452 2591 3532 idem,
2635 3454 2785 3519 solo

574 3560 827 3621 naturae
852 3554 1177 3639 impulsu,
1203 3560 1526 3637 praestare
1555 3572 1761 3637 posse
1792 3556 1922 3619 sibi
1949 3554 2273 3619 videatur.
2360 3554 2584 3639 Lepos
2609 3556 2785 3619 nati·

573 3676 703 3722 vus
754 3657 824 3721 in
873 3654 1047 3720 mira
1089 3655 1295 3738 copia
1339 3660 1538 3739 atque
1601 3657 1917 3720 varietate
1966 3656 2278 3739 nuspiam
2330 3655 2778 3721 desideratur:

571 3757 923 3842 minusque
945 3776 1029 3823 eo
1059 3757 1420 3822 accersitas
1468 3761 1585 3822 aut
1628 3756 1889 3822 aliunde
1919 3757 2162 3841 petitas
2192 3755 2341 3840 ejus
2369 3776 2535 3841 opes
2564 3758 2780 3822 credi-

571 3859 770 3937 deris,
842 3858 1025 3943 quod
1095 3858 1378 3923 subinde
1445 3860 1895 3924 luxuriantem
1967 3860 2195 3941 potius
2254 3864 2321 3923 et
2375 3859 2779 3922 exultantem

572 3960 818 4043 stylum
855 3960 1234 4043 reprimere,
1280 3979 1482 4044 quam
1527 3959 1893 4043 quicquam
1939 3957 2181 4023 addere
2230 3958 2590 4042 cupiveris,
2680 3956 2779 4023 At

569 4061 749 4125 enim
787 4068 1129 4146 tantopere
1173 4060 1311 4127 illae
1341 4061 1693 4127 celebratae
1726 4058 2105 4125 Nasoniani
2138 4060 2384 4144 ingenii
2425 4059 2641 4137 doteS,
2672 4066 2777 4126 ut-

572 4182 856 4247 cumque
880 4164 1224 4242 maximae,
1244 4181 1378 4226 non
1407 4168 1629 4228 tamen
1656 4162 1824 4227 illud
1854 4167 2012 4227 sunt
2032 4162 2211 4247 quod
2233 4161 2528 4226 maxime
2556 4160 2776 4244 splen-

570 4264 707 4345 det,
736 4263 1032 4349 mihique
1082 4262 1252 4329 adco
1297 4263 1593 4329 maxime
1638 4264 1978 4348 probatur.
2066 4262 2347 4328 Habent
2386 4262 2522 4329 illae
2573 4262 2776 4328 etiam
