3217 4946
618 391 748 458 ω’
1222 403 1692 456 TESTIMONIA
1743 405 1833 454 m·
1877 406 2187 456 summa

1347 548 1500 613 Lib.
1530 565 1692 611 vm.
1724 546 2052 631 Epig.63.

877 682 1037 748 Non
1062 701 1168 746 me
1194 683 1535 766 PelignuS,
1560 705 1685 750 nec
1714 691 1981 768 spernet
2012 683 2295 748 Mantua
2318 686 2565 761 vatem,

961 784 1035 848 Si
1068 804 1204 866 qua
1229 783 1520 849 Corinna
1549 785 1733 863 mihi,
1760 787 1819 850 si
1850 787 2003 869 quis
2032 785 2275 850 Alexis
2305 786 2447 850 erit.

874 947 1130 1013 Auctor
1158 948 1242 1028 de
1270 950 1494 1013 causis
1525 956 1851 1032 corruptae
1879 950 2297 1035 eloquentiae,
2328 972 2479 1036 cap.
2500 949 2611 1016 12.

703 1082 852 1148 Nec
903 1084 1076 1148 ullus
1116 1083 1334 1148 Asinii
1392 1091 1509 1149 aut
1566 1084 1885 1150 Messalae
1910 1086 2081 1150 liber
2110 1095 2243 1150 tam
2272 1085 2571 1163 illustris,
2612 1105 2813 1169 quam

615 1181 865 1249 Medea
885 1182 1135 1249 Ovidii.

987 1350 1244 1414 Statius
1273 1350 1390 1415 lib.
1417 1366 1493 1414 11.
1527 1350 1695 1416 Silv.
1730 1368 1861 1416 vn.
1893 1371 2066 1418 vers,
2094 1351 2204 1417 ¹75.

869 1470 1078 1538 Cedet
1105 1493 1300 1538 musa
1329 1473 1510 1539 rudis
1541 1475 1781 1541 ferocis
1810 1475 2008 1559 Enni,

866 1573 956 1646 Et
983 1573 1168 1638 docti
1199 1574 1380 1640 furor
1410 1575 1665 1640 arduus
1698 1578 1995 1657 Lucreti,

869 1675 956 1742 Et
983 1677 1099 1759 qui
1130 1695 1410 1760 corpora
1438 1680 1653 1760 prima
1681 1680 2120 1760 transfigurat.

1058 1843 1452 1926 Spartianus
1502 1847 1575 1908 in
1624 1843 1811 1910 AElio
1853 1843 2038 1910 Vero
2084 1865 2235 1930 cap.
2288 1847 2355 1912 4.

714 1974 937 2040 AElius
984 1973 1212 2040 Verus
1271 1975 1500 2042 Ovidii
1537 1979 1763 2043 'libros
1816 1977 2137 2045 Amorum
2190 1982 2263 2045 in
2321 1980 2497 2045 lecto
2540 1969 2804 2064 semper

605 2077 854 2142 habuit.

862 2211 1248 2276 Lactantius
1295 2212 1414 2276 lib.
1465 2229 1514 2278 1.
1564 2213 1651 2278 de
1704 2214 1907 2279 Falsa
1952 2214 2270 2296 religione
2298 2235 2445 2301 cap.
2476 2217 2541 2282 5.

689 2344 978 2413 Ovidius
1024 2361 1288 2430 quoque
1338 2346 1411 2410 in
1457 2347 1817 2430 principio.
1853 2349 2158 2431 praeclari
2208 2349 2431 2430 operis
2478 2349 2628 2413 sine
2662 2347 2802 2414 ulla

601 2449 884 2515 nominis
919 2449 1439 2515 dissimulatione
1491 2470 1534 2514 a
1573 2449 1749 2526 Deo,
1796 2469 1994 2533 quem
2034 2451 2499 2514 fabricatorem
2548 2450 2803 2531 mundi,

495 2550 506 2561 “
601 2568 796 2636 quem
835 2568 1048 2616 rerum
1080 2549 1386 2635 opificem
1414 2555 1633 2628 vocat,
1662 2548 1977 2613 mundum
2022 2549 2264 2614 fatetur
2300 2550 2711 2617 instructum.

1102 2700 1576 2785 Hieronymus·‚
1606 2700 1675 2763 in
1700 2697 1954 2763 Oseam
1984 2716 2136 2782 cap.
2170 2698 2278 2763 11.

687 2832 920 2919 Hujus
944 2834 1094 2899 Beli
1123 2836 1530 2911 Semiramis,
1559 2832 1647 2897 de
1676 2852 1809 2915 qua
1833 2833 2041 2897 multa
2069 2838 2143 2895 et
2168 2832 2467 2897 miranda
2511 2831 2803 2899 referun-

595 2940 729 3010 tur,
759 2952 984 2997 muros
1031 2934 1401 3015 Babylonis
1441 2931 1801 3007 exstruxit,
1831 2931 1914 2995 de
1944 2949 2080 3013 qua
2113 2931 2391 3013 insignis
2419 2931 2636 2999 Poeta
2665 2941 2801 2999 tes-

596 3038 773 3099 tatur
799 3033 916 3097 lib.
945 3050 1046 3098 w.
1081 3032 1253 3097 Met.
1269 3034 1395 3096 55.

1288 3130 1514 3209 Quam
1545 3130 1790 3195 dicitur
1820 3130 1981 3195 olim

769 3232 1136 3299 Coctilibus
1163 3234 1371 3297 muris
1403 3231 1693 3297 cinxisse
1724 3232 2109 3299 Semiramis
2136 3236 2388 3301 urbem.

963 3396 1189 3462 Julius
1219 3396 1520 3479 Scaliger
1545 3398 1615 3463 in
1646 3396 2139 3481 Hypercritico,
2171 3421 2241 3484 p.
2272 3399 2423 3466 788.

695 3528 854 3597 Jam
899 3551 1059 3598 vero
1103 3533 1191 3597 ad
1234 3552 1385 3597 eum
1429 3534 1853 3617 pervenimus
1899 3534 2152 3612 locum,
2220 3534 2295 3599 in
2362 3552 2501 3616 quo
2548 3533 2801 3617 ingenii

593 3633 976 3717 magnitudo
1007 3640 1075 3698 et
1091 3654 1369 3705 acumen
1389 3632 1634 3718 judicii
1652 3634 2023 3699 exercenda
2050 3639 2218 3698 sunt.
2307 3632 2481 3711 Quis
2508 3636 2683 3699 enim
2710 3634 2793 3700 de

599 3732 846 3801 Ovidio
875 3736 1042 3799 satis
1071 3736 1266 3818 digne
1293 3736 1510 3801 dicere
1531 3737 1773 3821 possit,
1791 3735 2027 3801 nedum
2046 3740 2119 3799 ut
2138 3733 2382 3799 audeat
2399 3755 2551 3800 eum
2574 3754 2800 3820 repre-

589 3834 894 3914 bendere,
933 3840 1056 3900 διο.
1616 3851 1623 3857 ’

739 3984 849 4049 Ex
875 3982 1167 4069 Josephi
1195 3984 1520 4067 scaligeri
1549 3983 2051 4068 Prolegomenis
2078 3982 2156 4048 M
2158 3982 2490 4063 aniliani-s,
2518 3986 2639 4049 δυο.

721 4116 876 4184 Uno
938 4120 1221 4185 vincitur
1281 4116 1618 4206 (nimirum
1684 4116 2051 4204 Manilius)
2122 4121 2306 4206 quod
2360 4138 2497 4184 non
2564 4123 2793 4205 potent
