3217 4946
845 849 1697 948 TESTIMONIA
1774 855 1950 944 ET
2020 855 2089 946 J
2094 854 2576 946 UDICIA

1658 1101 1762 1151 DE

1181 1280 1281 1355 P·
1333 1277 1724 1354 OVIDIO
1780 1277 1859 1353 N
1858 1275 2143 1354 ASON
2146 1279 2245 1354 E·

1449 1549 1995 1626 &affl

1063 1865 1356 1930 Vossius
1383 1863 1468 1928 de
1500 1863 1739 1930 Po‘etis
1772 1863 2031 1930 Latinis
2065 1882 2217 1948 cap.
2246 1863 2355 1930 11.

615 1996 950 2090 Omma
1009 2037 1275 2088 cxcix.
1329 2042 1506 2088 anno
1549 2023 1615 2087 1.
1664 2022 1951 2088 Ovidius
1995 2021 2215 2089 Poeta
2264 2023 2335 2089 in
2384 2021 2595 2088 exilio
2640 2021 2817 2087 diem

619 2127 811 2204 obiit,
839 2130 905 2192 et
920 2125 1120 2211 juxta
1143 2124 1470 2209 oppidum
1495 2122 1749 2190 Tomos
1776 2125 2116 2208 sepelitur.

706 2227 888 2292 Inter
937 2231 1158 2291 cetera
1199 2227 1375 2312 ejus,
1415 2245 1571 2311 quae
1599 2225 1833 2290 referre
1856 2226 2023 2290 nihil
2052 2229 2309 2306 attinet,
2340 2245 2491 2292 cum
2525 2227 2819 2292 omnium

618 2329 926 2394 ‘manibus
952 2335 1269 2407 versetur,
1301 2333 1455 2392 sunt
1481 2323 1813 2411 Epistolae
1846 2325 2246 2410 Heroidum,
2279 2325 2399 2392 sed
2426 2347 2559 2391 non
2585 2345 2821 2406 omnes

619 2434 774 2495 sunt
799 2429 997 2494 unius
1023 2429 1393 2513 scriptoris:
1423 2429 1568 2511 ipse
1608 2428 1724 2493 lib.
1760 2443 1843 2491 ιι.
1866 2426 2189 2491 Amorum
2219 2427 2387 2509 eleg.
2416 2425 2525 2490 18.
2552 2433 2631 2491 ut
2657 2443 2821 2492 suas

619 2532 947 2614 agnoscit,
974 2528 1156 2595 illam
1202 2526 1580 2615 Penelopes
1630 2528 1717 2593 ad
1756 2526 2051 2606 Ulixem,
2098 2526 2425 2613 Phyllidis
2453 2528 2543 2593 ad
2570 2526 2824 2593 Demo-

621 2630 998 2714 phoontem,
1027 2630 1332 2698 Canaces
1355 2632 1444 2697 ad
1475 2630 1883 2710 Macareum,
1917 2630 2333 2717 Hypsipyles
2360 2629 2448 2697 ad
2474 2628 2521 2695 J
2524 2650 2821 2708 usonem,

618 2730 956 2799 Ariadnes
993 2734 1081 2798 ad
1108 2732 1468 2813 Theseum,
1499 2732 1811 2799 Phaedrae
1850 2734 1938 2799 ad
1970 2728 2444 2819 Hippolytum,
2482 2732 2703 2798 Didus
2734 2731 2822 2797 ad

615 2834 937 2914 'AEneam,
987 2836 1145 2899 item
1189 2835 1516 2921 Sapphus
1567 2834 1656 2901 ad
1702 2836 2073 2901 Phaonem.
2164 2834 2299 2901 Sed
2334 2832 2613 2918 Josephi
2656 2834 2821 2899 Sea-

597 2934 809 3016 *1igeri
843 2935 1110 3020 ⁸iudicio
1149 2945 1486 3018 praeterea
1530 2938 1679 3022 ejus
1730 2938 2037 3003 videntur
2100 2936 2289 3002 istae:
2356 2934 2685 3001 Briseidis
2732 2934 2823 3001 ad

622 3030 979 3114 Achillem,
1027 3036 1338 3103 OEnones
1396 3038 1486 3103 ad
1533 3038 1875 3116 Paridem,
1914 3039 2315 3112 Hermiones
2363 3050 2453 3113 ad
2488 3048 2821 3127 Orestem,

626 3135 968 3205 Deianirae
997 3136 1084 3201 ad
1117 3136 1503 3217 Herculem,
1541 3138 1849 3205 Canaces
1878 3141 1967 3205 ad
1998 3140 2412 3227 Macareum,
2442 3149 2709 3218 Medoae
2735 3151 2825 3216 ad

615 3234 967 3318 Jasonem,
1020 3238 1410 3306 Laodamioe
1461 3241 1549 3307 ad
1607 3241 2080 3325 Protesilaum,
2138 3246 2687 3334 Hypermnestrae
2737 3253 2827 3318 ad

625 3334 868 3402 Linum
907 3340 1052 3403 sive
1080 3339 1457 3425 Lynceum3
1503 3362 1658 3425 quae
1687 3348 1909 3411 autem
1948 3347 2193 3413 Sabini·
2221 3353 2450 3433 potius
2480 3354 2827 3421 videantur

624 3436 899 3503 inferius
945 3438 1223 3504 dicetur.
1328 3438 1547 3529 Etiam
1608 3441 1897 3511 Ovidius
1941 3450 2283 3515 transtulit
2328 3451 2605 3533 Aratea,
2651 3456 2826 3521 unde

626 3536 804 3602 duos
834 3558 1066 3603 versus
1094 3540 1360 3606 Probus
1389 3543 1669 3611 adducit
1694 3546 1760 3610 in
1785 3545 2028 3633 Georg.

715 3637 938 3703 Multa
973 3642 1244 3726 scripsit
1269 3642 1554 3709 Ovidius
1583 3666 1738 3730 quae
1771 3647 2207 3733 deperierunt,
2233 3661 2311 3720 ut
2336 3666 2491 3726 sunt
2521 3675 2625 3725 vi.
2660 3658 2829 3726 Fas·

627 3742 846 3805 torum
897 3740 1050 3805 libri
1101 3746 1544 3835 posteriores,
1617 3748 2081 3816 laudatissima
2142 3752 2500 3839 Tragoedia
2556 3759 2823 3839 Medea,

632 3839 1103 3921 Phaenomena‚
1160 3846 1499 3925 vaticinia,
1573 3847 1805 3913 laudes
1866 3850 2181 3934 Augusti,
2232 3858 2399 3925 liber
2470 3862 2540 3925 in
2608 3862 2826 3928 malos

631 3939 904 4016 Poeta&
933 3944 1434 4027 epigrammata,
1463 3966 1502 4011 e
1541 3950 1785 4033 quibus
1818 3971 2043 4018 versus
2085 3956 2197 4023 ille
2234 3961 2413 4048 apud
2442 3962 2827 4030 Martialem

633 4038 706 4105 in
730 4043 1026 4109 secundo
1053 4045 1258 4128 epigr.

891 4142 1100 4225 Ride,
1125 4148 1187 4212 si
1215 4148 1426 4232 sapis,
1459 4166 1504 4213 o
1531 4148 1775 4239 puella,
1802 4150 1963 4220 ride.
