3217 4946
1005 463 1102 513 ns
1149 464 1210 512 ι».
1256 461 1520 510 ovimo
1567 461 1891 511 luscus.
2452 445 2545 518 33

333 624 605 674 manum
625 603 868 672 tollere
895 605 982 670 de
1017 604 1279 681 tabula,
1331 603 1637 688 et(quod
1668 608 1805 668 tam
1832 599 2031 679 falso,
2062 619 2268 686 quam
2308 600 2542 668 inme-

331 711 486 788 rito,
519 707 770 778 Ovffio
795 707 1138 792 objectum
1161 702 1360 828 olim)
1387 723 1729 788 nunquam
1754 703 1887 768 scit
1910 701 2232 782 desinere,
2256 705 2383 770 &ac-

1290 869 1580 936 Ibidem.

453 1013 616 1080 Hoc
641 1016 715 1076 ιιι
755 1029 890 1076 ιιοιι
914 1007 1249 1076 mediocre
1275 1007 1512 1073 vitium
1537 1009 1645 1070 est
1686 1005 1759 1068 in
1804 1003 2019 1070 nitido
2058 1003 2405 1088 scriptore,
2434 1005 2537 1072 ita

337 1115 486 1198 puri
505 1119 670 1180 sunt
709 1116 798 1180 ab
841 1113 974 1180 hac
1017 1111 1168 1176 labe
1207 1108 1438 1187 (nimia
1483 1105 1841 1174 earundem
1872 1124 2117 1172 vocum
2158 1104 2545 1226 iton-adone)

337 1215 676 1301 principes
704 1213 962 1294 Poetae,
986 1212 1314 1294 Virgilius
1342 1216 1411 1276 et
1437 1207 1749 1276 Ovidius.

725 1380 963 1446 Idem
1003 1379 1073 1443 in
1094 1378 1298 1445 Libro
1328 1393 1445 1442 ιιι.
1478 1373 1822 1456 Ροὲιίοοε,
1852 1395 1922 1461 p.
1950 1375 2102 1444 261.

453 1517 540 1584 In
582 1517 894 1584 omnibus
947 1513 1118 1580 illud
1159 1514 1230 1580 in
1277 1511 1508 1596 primis
1557 1511 1929 1600 cavendum
1952 1517 2104 1589 ost,
2168 1529 2255 1576 ne
2298 1511 2539 1597 ’inepte

335 1618 698 1698 discurras,
747 1619 884 1684 nisi
934 1617 1148 1682 libros
1199 1632 1562 1698 componas
1612 1631 1759 1679 eam
1810 1593 1903 1678 ad
1950 1631 2090 1678 rem
2132 1612 2537 1681 destinatos:

337 1720 892 1806 quemadmodum
919 1717 1207 1785 Ovidius
1234 1717 1446 1784 fecit·
1425 1735 1496 1782 ιιι
1523 1716 1711 1782 libris
1738 1713 2449 1796 Transformationum,
2478 1722 2547 1784 et

339 1823 678 1890 Lucanus.

882 1983 1231 2050 Victorius
1274 1983 1390 2049 lib.
1431 1999 1576 2050 xn.
1607 1983 1773 2050 Var.
1813 2003 1875 2051 c.
1918 1985 1983 2049 5.

424 2120 740 2202 Ovidius,
787 2126 865 2188 ut
919 2119 1210 2185 oratione
1265 2139 1350 2186 ac
1395 2119 1735 2199 versibus,
1786 2120 1889 2185 ita
1940 2120 2079 2186 vita
2127 2124 2194 2185 et
2246 2121 2541 2189 moribus

337 2230 716 2290 enervatus.

792 2403 1280 2454 communio
1328 2405 1641 2456 Τιιιυιιι
1694 2407 1785 2456 ιιι·
1831 2409 2103 2471 ovmn,

599 2520 710 2588 Ex
737 2522 1072 2589 elementis
1104 2524 1486 2595 Rhetoricae
1511 2523 1855 2595 Joacbimi
1880 2526 2271 2595 Camerarii.

428 2661 788 2729 Dicamus
853 2669 922 2728 et
961 2662 1046 2729 de
1100 2664 1426 2729 leviorum
1481 2662 1723 2727 artium
1780 2662 2028 2741 studio,
2094 2670 2169 2728 ιιι
2202 2662 2545 2732 Ciceroni

335 2765 586 2851 placet,
605 2770 676 2829 et
701 2784 792 2829 ex
827 2764 946 2831 illo
971 2765 1228 2830 nobiles
1270 2762 1516 2848 poetas
1541 2762 1717 2829 duos
1744 2764 1953 2829 veluti
1982 2764 2052 2829 in
2074 2764 2367 2831 medium
2388 2788 2544 2852 pro-

337 2866 685 2945 ducamus,
715 2864 1059 2930 Tibullum
1107 2873 1310 2949 atque
1341 2864 1697 2931 Ovidium:
1754 2868 2105 2950 utrumque
2146 2867 2432 2949 mollem,
2460 2888 2544 2937 ac

335 2974 626 3033 tenerum
631 3014 652 3046 ,
683 2972 755 3030 et
790 2964 1090 3031 facilem:
1135 2967 1256 3051 qui
1301 2966 1498 3031 ambo
1536 2971 1605 3029 et
1644 2985 1905 3031 amores
1953 2970 2267 3048 cecinere,
2308 2977 2373 3036 et
2400 2992 2545 3037 ver-

335 3068 576 3134 siculis
603 3068 759 3132 illos
786 3066 1129 3145 inclusere,
1169 3068 1366 3150 quasi
1412 3067 1675 3131 remissi
1702 3074 1771 3132 et
1814 3068 2149 3135 solutioris
2188 3072 2544 3157 cujusdam

333 3169 543 3248 modi,
571 3186 744 3253 quos
773 3166 1131 3250 Elegiacos
1169 3172 1432 3233 vocant.
1523 3167 1633 3232 De
1657 3167 1763 3231 his
1792 3168 1957 3234 inter
1985 3174 2235 3235 veteres
2273 3178 2545 3238 conten-

333 3272 436 3337 tio
473 3269 626 3349 fuit,
671 3276 821 3335 uter
845 3269 1042 3335 alteri
1085 3264 1538 3352 praeserendus
1564 3266 1921 3335 videretur.
2010 3268 2159 3353 Ego
2188 3290 2351 3338 vero
2379 3294 2543 3359 quo—

337 3373 468 3437 ties
517 3370 772 3436 Tibulli
829 3370 1123 3436 carmina
1175 3370 1349 3453 lego,
1409 3367 1577 3444 nibil
1630 3372 1918 3454 amplius
1984 3374 2271 3459 requiro,
2320 3394 2545 3458 neque

335 3471 741 3551 venustatis,
761 3490 996 3555 -neque
1023 3470 1412 3554 elegantiae:
1457 3469 1827 3535 doctrinam
1856 3475 2078 3536 autem
2128 3480 2200 3536 et
2228 3473 2543 3541 eruditio-

331 3592 488 3638 nem
514 3572 820 3637 admiror.
907 3570 1148 3635 Omnia
1177 3568 1316 3635 arte
1367 3570 1725 3654 studioque
1766 3590 2024 3638 summo
2070 3572 2341 3639 elimata
2383 3577 2545 3641 mihi

335 3672 663 3741 videntur.
751 3674 996 3757 Itaque
1050 3673 1123 3736 in
1169 3672 1469 3737 maxima
1524 3672 1866 3752 facilitate,
1924 3674 2045 3738 illa
2098 3682 2320 3739 tamen
2376 3696 2545 3743 cura

333 3774 812 3839 elaborationis
881 3780 948 3839 et
1015 3774 1373 3858 diligentiae
1447 3774 1876 3857 conspicitur.
1962 3772 2194 3840 Verba
2260 3778 2539 3861 optima,

333 3876 680 3942 sententiae
703 3876 1091 3959 exquisitae,
1121 3876 1523 3958 compositio
1550 3876 1876 3951 omnibus,
1906 3880 1981 3939 ιιι
2009 3876 2220 3955 aiunt,
2248 3880 2542 3945 numeris

329 3975 656 4060 perfecta.
743 3976 856 4041 Ex
897 3994 1038 4060 quo
1084 3996 1362 4043 necesse
1406 3984 1508 4041 est
1545 3976 1678 4040 hoc
1726 3982 2194 4061 consequatur,
2247 3982 2544 4045 carmina

333 4084 418 4142 ιιι
443 4078 584 4141 sint
607 4082 678 4143 et
703 4096 972 4155 canora,
1018 4083 1084 4144 et
1127 4076 1501 4163 splendida,
1549 4084 1617 4144 et
1646 4079 1995 4143 concinna.
2084 4078 2270 4157 Quid
2319 4088 2543 4146 autem

333 4179 410 4243 in
455 4176 728 4256 ovidio,
773 4198 1014 4264 quaeve
1062 4180 1214 4244 laus
1273 4181 1566 4245 eminet?
1678 4180 1980 4245 Primum
2050 4181 2293 4263 ingenii
2364 4187 2547 4245 tanta

335 4280 468 4357 vis,
523 4298 610 4343 ac
663 4284 800 4345 tam
851 4280 1066 4365 agiles
1123 4290 1394 4367 tamque
1457 4282 1701 4347 celera
1772 4289 2016 4361 motus,
2085 4288 2221 4348 tam
2279 4286 2543 4369 promta

479 4394 658 4462 νειμ.
675 4402 726 4448 α
755 4396 872 4449 νη.
894 4398 1027 4449 σιω.
1385 4396 1533 4449 ovea.
2368 4398 2415 4449 c
