3217 4946
638 379 728 447 20
1367 394 1436 444 ι».
1482 391 1725 442 ovum
1772 391 2095 444 insonis

638 541 730 608 Et
749 541 819 605 in
847 535 1078 604 eodem
1104 535 1324 621 Epist.
1341 539 1418 604 9.
1445 557 1689 604 numen
1734 537 2022 621 Aug-usti
2064 543 2270 622 rogat,
2302 543 2379 604 ut
2428 538 2559 604 sibi
2602 539 2829 621 ignos-

635 649 844 721 catur,
873 642 1242 725 praesertim
1271 661 1420 705 cum
1451 641 1534 705 de
1561 643 1681 707 illo
1708 661 1889 707 novo
1924 643 2067 706 Deo
2094 641 2271 706 facto
2298 641 2595 706 libellum
2616 641 2830 724 scrip-

632 746 814 810 serit.
904 740 1022 805 Ait
1049 743 1221 806 enim
1252 763 1268 806 t

799 843 910 910 Tu
938 850 1112 908 certe
1141 844 1278 908 scis
1305 843 1478 920 haec,
1508 844 1767 927 superis
1794 844 2025 920 ascite,
2057 842 2395 926 videsque,

888 945 1142 1022 Caesar,
1169 952 1244 1010 ut
1269 953 1376 1009 est
1401 947 1619 1008 oculis
1648 944 1918 1008 subdita
1944 951 2114 1007 terra
2140 943 2291 1008 tuis.

793 1046 904 1112 Tu
927 1053 1190 1111 nostras
1217 1045 1410 1110 audis
1440 1046 1607 1110 inter
1636 1064 1941 1109 convexa
1960 1046 2221 1108 locatus

879 1147 1132 1224 Sidera,
1162 1147 1420 1211 solicito
1449 1165 1623 1230 quas
1652 1145 1889 1210 damus
1919 1166 2033 1210 ore
2063 1163 2312 1228 preces.

791 1249 1190 1314 Pervenient
1217 1247 1375 1310 illuc
1401 1252 1468 1310 et
1495 1248 1791 1310 carmina
1818 1246 2089 1310 forsitan
2119 1244 2259 1320 illa,

795 1369 806 1378 ·
875 1348 1048 1427 Quae
1080 1348 1164 1412 de
1191 1356 1259 1411 te
1287 1349 1531 1432 scripsi
1559 1348 1783 1413 coelite
1810 1348 1996 1412 sacta
2022 1365 2224 1412 novo.

785 1448 1094 1532 Auguror
1114 1449 1218 1514 his
1244 1450 1445 1531 igitur
1471 1449 1647 1514 flecti
1676 1453 1794 1512 tua
1820 1448 2123 1512 numina:
2166 1465 2289 1510 nec
2314 1449 2388 1510 tu

871 1550 1210 1614 Immerito
1239 1557 1474 1614 nomen
1499 1551 1663 1612 mite
1696 1533 1990 1631 parentis
2020 1549 2243 1612 habes.

611 1651 902 1736 Scripsit
951 1657 1102 1716 ante
1161 1650 1440 1715 exilium
1493 1649 1863 1714 Heroidum
1932 1649 2251 1730 epistolas
2308 1646 2656 1731 plurimas3
2722 1648 2813 1712 de

609 1752 973 1816 Amoribus
1021 1751 1108 1814 ad
1149 1751 1506 1815 Corinnam
1555 1750 1765 1812 libros
1812 1765 1878 1810 ν.
1930 1767 2100 1831 quos
2150 1752 2385 1830 postea
2430 1745 2807 1829 diligentius

605 1853 984 1934 recognitos
1012 1853 1080 1914 in
1107 1857 1240 1915 tres
1268 1850 1544 1931 redegit,
1572 1849 1751 1932 quod
1778 1851 1877 1913 sic
1902 1851 2051 1934 ipse
2081 1850 2147 1912 in
2180 1866 2225 1911 1.
2258 1847 2645 1913 eorundem:

776 1951 914 2030 Qui
943 1952 1143 2016 modo
1171 1951 1470 2016 Nasonis
1495 1951 1829 2016 fueramus
1856 1953 2145 2034 quinque
2170 1951 2401 2027 libelli,

856 2050 1024 2116 Tres
1053 2071 1326 2116 sumus:
1370 2052 1498 2116 hoc
1521 2052 1621 2116 illi
1650 2051 1945 2135 praetulit
1972 2057 2201 2116 auctor
2227 2070 2421 2134 opus.

603 2153 708 2216 De
735 2159 874 2217 arte
903 2151 1192 2218 Amandi
1217 2153 1422 2216 libros
1451 2158 1625 2232 tres3
1669 2151 1753 2215 de
1783 2151 2114 2216 Remedio
2136 2152 2381 2218 amoris
2407 2153 2611 2217 libros
2631 2152 2796 2233 du03

592 2255 1238 2320 Transmutationum
1273 2253 1478 2318 libros
1508 2252 1924 2336 quindecim:
1973 2273 2174 2336 quos,
2207 2256 2370 2337 quia
2410 2274 2543 2318 non
2570 2273 2798 2319 emen-

592 2355 886 2431 daverat,
914 2361 1052 2419 tum
1081 2355 1310 2431 iratuS,
1337 2360 1410 2419 ut
1459 2356 1605 2438 ipse
1649 2357 1765 2432 ait,
1796 2354 2039 2434 studio,
2071 2356 2601 2436 carminibusque
2630 2356 2793 2433 suis,

589 2473 743 2520 cum
770 2454 1022 2520 Tomos
1047 2457 1459 2536 relegaretur,
1490 2476 1617 2519 sua
1640 2475 1849 2520 manu.
1864 2455 2253 2529 combussit,
2284 2472 2440 2518 cum
2468 2453 2620 2519 aliis
2648 2456 2795 2538 qui-

589 2554 873 2619 busdam
900 2556 1265 2640 placituris.
1353 2554 1490 2619 Sed
1507 2556 1669 2639 quia
1690 2556 2019 2639 exscripti
2046 2556 2304 2621 fuerant
2328 2560 2477 2619 ante
2493 2555 2792 2641 plurimis

587 2656 943 2740 exemplis,
986 2658 1258 2721 omnino
1303 2657 1552 2721 aboleri
1620 2676 1755 2722 non
1816 2664 2194 2740 potuerunt.
2283 2657 2646 2740 Propterea
2685 2657 2787 2722 sic

583 2757 738 2840 ipse
763 2775 815 2821 1.
843 2758 953 2823 De
976 2760 1185 2823 Trist.
1209 2759 1374 2841 eleg.
1404 2760 1470 2822 7.
1501 2759 1632 2823 ait:

757 2858 970 2925 Grata
997 2866 1116 2922 tua
1140 2865 1243 2922 est
1269 2860 1529 2940 pietas:
1577 2859 1697 2921 sed
1733 2860 2029 2923 carmina
2055 2858 2273 2940 major
2300 2861 2523 2942 imago

843 2956 1016 3019 Sunt
1040 2974 1226 3019 mea:
1272 2974 1426 3040 quae
1457 2956 1699 3019 mando
1728 2958 2245 3041 qualiacumque
2272 2958 2481 3042 legas.

748 3054 1057 3119 Carmina
1079 3061 1368 3119 mutatas
1395 3056 1733 3119 hominum
1761 3056 2051 3121 dicentia
2077 3058 2373 3137 formas,·

839 3155 1086 3221 Infelix
1115 3156 1366 3221 domini
1389 3156 1572 3239 quod
1599 3158 1758 3240 fuga
1782 3158 1963 3241 rupit
1986 3178 2175 3241 opus.

749 3256 930 3322 Hoec
959 3275 1086 3337 ego
1111 3256 1491 3335 discedens,
1527 3259 1705 3323 sicut
1733 3260 1909 3323 bona
1938 3260 2150 3325 multa
2176 3280 2495 3343 meorum,

833 3357 999 3440 Ipse
1023 3376 1174 3421 mea
1201 3358 1400 3441 posui
1427 3364 1710 3425 moestus
1738 3361 1809 3423 in
1836 3360 1989 3443 igne
2018 3380 2239 3427 manu.

625 3512 632 3521 .
741 3458 972 3539 thue
991 3475 1322 3521 cremasse
1345 3478 1538 3523 suum
1566 3458 1766 3524 fertur
1794 3462 1921 3525 sub
1952 3463 2176 3545 stipite
2202 3467 2429 3529 natum

826 3556 1168 3633 Thestias,
1200 3565 1270 3623 et
1299 3560 1532 3624 melior
1558 3569 1772 3625 matre
1800 3562 2010 3628 fuisse
2038 3583 2249 3641 soror,

741 3658 858 3721 Sic
885 3675 1011 3737 ego
1041 3676 1175 3721 non
1201 3659 1474 3723 meritos
1505 3680 1769 3727 mecum
1798 3663 2095 3745 peritura
2120 3662 2387 3729 libellos

825 3756 1124 3839 Imposui
1151 3758 1407 3841 rapidis
1431 3760 1691 3825 viscera
1716 3769 1944 3825 nostra
1972 3764 2184 3845 rogis:

733 3855 868 3921 Vel
894 3857 1077 3940 quod
1102 3878 1280 3923 eram
1314 3860 1572 3938 Musas,
1604 3867 1679 3924 ut
1710 3864 1987 3929 crimina
2014 3872 2267 3946 nostra,
2292 3885 2609 3951 perosus3

817 3956 948 4021 Vel
977 3959 1163 4041 quod
1192 3959 1405 4026 adhuc
1430 3981 1736 4027 crescens
1766 3968 1831 4027 et
1856 3963 2016 4027 rude
2045 3984 2309 4030 carmen
2334 3974 2497 4033 erat.

731 4056 912 4135 Quoe
935 4061 1254 4141 quoniam
1277 4080 1414 4125 non
1443 4069 1592 4127 sunt
1618 4062 1879 4146 penitus
1908 4066 2198 4145 sublata,
2228 4068 2353 4133 sed
2379 4072 2635 4147 extant,

815 4157 1136 4225 Pluribus
1159 4163 1486 4246 exemplis
1513 4163 1773 4248 scripta
1796 4163 2003 4233 fuisse
2030 4186 2197 4235 reor.
