3217 4946
597 358 698 430 10
1503 379 1920 428 PRAEFATIO.

611 522 876 600 Fidum,
915 524 1034 606 qui
1086 522 1401 588 Perillam
1463 523 1744 602 scilicet,
1792 523 1999 588 filiam
2044 541 2245 606 quam
2304 520 2519 586 solam
2562 518 2818 600 habuit,

607 627 809 694 duxit
832 639 1126 690 uxorem.
1215 625 1415 690 Nunc
1445 631 1795 709 expectaS,
1820 623 2101 690 candide
2133 624 2400 701 Lector,
2430 631 2507 686 ut
2534 623 2698 706 quid
2728 643 2818 689 ex

604 729 736 794 hac
787 745 967 792 nova
1013 746 1288 810 operum
1337 727 1484 810 ejus
1527 726 1817 790 editione
1862 745 2103 808 capere
2150 726 2375 808 possis
2415 725 2815 808 compendii,

605 832 893 912 ingenue
925 827 1389 910 profiteamur:
1422 828 1600 911 quod
1633 827 1899 911 quidem
1925 847 2013 891 ex
2044 829 2349 911 pauculis
2382 827 2817 909 sequentibus

607 931 804 996 lineis
830 931 949 992 tibi
975 930 1332 994 constabit.
1411 929 1711 993 Primum
1740 930 2034 991 omnium
2063 927 2519 992 admonendus
2548 947 2651 1004 οε,
2682 945 2819 992 non

613 1032 902 1096 consilio
939 1039 1184 1108 nostro,
1237 1051 1318 1094 eo
1340 1049 1504 1114 .quo
1551 1030 1951 1094 tentavimus
1996 1029 2196 1093 modo
2242 1029 2627 1094 adornatum
2674 1045 2821 1092 esse

613 1131 951 1208 Ovidium,
985 1132 1105 1196 sed
1149 1131 1668 1214 Sapientissimi,
1700 1134 2021 1213 quantum
2058 1146 2205 1193 sors
2236 1130 2482 1212 patitur
2508 1130 2819 1208 humana,

612 1233 832 1298 Ducis
877 1233 1334 1312 Montauserii,
1376 1235 1613 1319 jussu:
1660 1232 1861 1316 cujus
1908 1231 2178 1314 quidem
2216 1230 2342 1294 viri
2380 1231 2614 1315 inclyti
2663 1251 2821 1315 pru-

612 1333 900 1400 dentiam
971 1339 1338 1418 postquam
1397 1336 1466 1399 in
1507 1336 1634 1413 his,
1681 1336 1882 1400 sicuti
1926 1335 1997 1398 in
2040 1334 2191 1399 aliis
2234 1334 2571 1410 maximis,
2616 1335 2823 1400 multo

611 1438 1242 1520 praestantissimam
1322 1439 1432 1503 Lu
1447 1455 1771 1502 novices
1850 1437 2187 1502 MAGNUS
2220 1483 2225 1487 -
2258 1437 2327 1501 in
2400 1436 2822 1500 Serenissimi

609 1537 1005 1610 Dumium
1040 1539 1314 1620 gratiam
1361 1541 1574 1624 primo
1605 1540 2027 1624 approbavit,
2078 1537 2315 1603 deinde
2366 1537 2641 1620 Europa
2682 1542 2825 1602 tota

609 1638 933 1717 laudavit,
961 1659 1095 1705 non
1123 1646 1228 1705 est
1255 1641 1479 1706 verbis
1531 1643 2055 1725 supervacaneis
2082 1648 2158 1704 ut
2202 1640 2625 1706 extollamus.
2718 1639 2825 1702 Si-

613 1741 890 1823 quidem
917 1743 1098 1807 illius
1127 1745 1304 1807 votis
1333 1743 1742 1820 satisfacere,
1770 1747 1905 1820 aut,
1946 1741 2126 1824 quod
2176 1741 2501 1805 suadebat
2544 1741 2825 1805 incredi-

613 1841 771 1906 bilis
799 1842 950 1924 ejus
978 1843 1438 1922 beneficentia,
1474 1849 1542 1908 et
1587 1855 1727 1926 qua
1766 1842 2079 1924 dignatus
2125 1845 2232 1906 est
2274 1861 2399 1906 nos
2443 1842 2827 1906 dulcissima

615 1942 962 2019 clientela‚·
988 1943 1185 2026 jussa
1231 1943 1473 2008 saltem
1519 1944 1764 2027 exequi
1810 1944 2008 2007 nobis
2062 1943 2397 2022 licuisset,
2446 1962 2639 2026 spem
2704 1943 2825 2007 tibi

615 2043 922 2127 profecto
965 2043 1382 2127 splendidam
1430 2044 1821 2110 faceremus.
1914 2045 2231 2129 Namque
2296 2045 2411 2108 ille
2478 2049 2699 2109 tantus
2752 2044 2828 2108 in

615 2145 953 2225 maximis,
1001 2151 1358 2230 postquam
1423 2145 1512 2210 ad
1565 2146 1714 2211 haec
1756 2147 1955 2224 levia,
2012 2147 2170 2210 vera
2238 2164 2467 2224 causa,
2534 2146 2827 2210 animum

615 2245 908 2324 demisit,
953 2265 1164 2331 parva
1215 2265 1364 2312 esse
1409 2265 1739 2312 summum
1778 2247 2107 2330 judicium
2142 2245 2309 2330 ejus
2360 2246 2649 2329 amplius
2694 2262 2831 2312 non

617 2347 798 2412 sivit.
890 2346 1108 2412 Immo
1137 2347 1484 2412 desideriis
1531 2354 1600 2412 et
1646 2348 1999 2412 conatibus
2036 2349 2281 2412 nostris
2308 2349 2492 2411 nulla
2521 2349 2583 2411 si
2621 2349 2829 2414 obsti-

613 2449 808 2527 tisset
853 2451 1082 2515 sortis·
1104 2449 1533 2534 perversitas,
1589 2467 1863 2532 quoquo
1912 2454 2119 2532 pacto
2170 2447 2525 2513 literaturae
2576 2454 2827 2516 nostrae

619 2552 1008 2617 munitatem
1073 2552 1796 2633 compensavissemus.
1838 2576 1843 2581 ’
1899 2548 2145 2634 Neque
2214 2568 2368 2615 vero
2428 2550 2638 2628 aliter,
2712 2558 2831 2618 aut

619 2653 1070 2722 mustrissimi
1118 2653 1631 2719 Condomierrsis
1682 2652 2013 2738 Episcopi
2054 2651 2101 2717 J
2104 2652 2299 2717 acobi
2347 2653 2627 2735 Benigni
2659 2656 2831 2719 Bos·

616 2755 837 2835 suetii,
870 2762 1224 2841 utcumque
1269 2758 1340 2820 in
1381 2756 1725 2839 Principis
1766 2756 2180 2821 institutione
2210 2755 2369 2819 olim
2398 2756 2683 2832 assidui,
2714 2754 2859 2820 de·-

613 2856 902 2923 fuissent
927 2858 1199 2933 monita,
1229 2858 1476 2939 quibus
1501 2859 1576 2920 in
1601 2858 1733 2920 hoc
1758 2875 1995 2937 genere
2024 2856 2356 2919 literarum
2382 2873 2505 2919 nos
2526 2856 2830 2939 aliquan-

615 2956 710 3021 do
739 2958 948 3021 etiam
968 2957 1146 3039 juvit
1170 2958 1684 3037 humanissime3
1730 2962 1847 3021 aut
1875 2955 2303 3020 Nobilissimi
2326 2956 2407 3019 P.
2440 2957 2529 3022 D.
2564 2958 2827 3036 Huetii,

615 3058 686 3123 in
709 3059 993 3145 easdem
1037 3076 1238 3123 curas
1283 3078 1436 3121 cum
1490 3058 1608 3121 illo
1684 3058 1875 3121 asciti
1934 3057 2219 3122 eruditio
2278 3060 2829 3124 exercitatissime

605 3158 1055 3238 destituisset,
1080 3178 1220 3242 qua
1243 3178 1370 3223 nos
1401 3161 1617 3243 primo
1638 3164 2044 3225 sustentatos
2060 3160 2550 3243 benignissime,
2581 3180 2829 3245 nequa-

621 3279 830 3344 quam
899 3261 1315 3325 immemores
1387 3260 1798 3325 confitemur.
1889 3260 2155 3339 Quibus
2216 3263 2489 3347 opibus,
2550 3264 2829 3346 aliisque

617 3364 978 3446 postquam
1004 3361 1204 3427 uobis
1232 3361 1586 3427 carendum
1630 3363 1777 3441 fuit,
1822 3362 2167 3427 levissima
2214 3362 2388 3428 forte
2436 3364 2831 3429 videbuntur

617 3482 1064 3547 quaecumque
1135 3464 1430 3546 aggressi
1523 3482 1777 3529 sumus.
1912 3461 2543 3545 Quantulacumque
2631 3465 2831 3530 fuerit

616 3570 838 3629 tamen
883 3563 1108 3647 opella
1143 3569 1403 3643 -nostra,
1451 3565 1635 3631 istud
1678 3586 1837 3632 vero
1876 3570 2227 3631 assecutos
2264 3583 2390 3627 nos
2427 3583 2577 3629 esse
2604 3584 2829 3649 spera-

615 3684 794 3742 mus,
815 3668 891 3729 ut
917 3664 1028 3728 vel
1057 3664 1623 3749 Interpretatione,
1652 3670 1723 3733 in
1746 3670 1921 3737 locis
1946 3666 2317 3751 praesertim
2345 3664 2827 3731 difficilioribus

617 3772 960 3842 accurata,
987 3766 1096 3829 vel
1126 3764 1356 3847 Notis,
1389 3788 1528 3851 qua
1568 3769 1711 3833 fieri
1756 3768 1976 3853 potuit
2016 3766 2325 3831 festinata
2354 3768 2829 3849 perspicuitate

617 3866 708 3932 ad
747 3866 870 3931 illa
909 3866 1260 3950 subjectiS,
1281 3888 1412 3933 non
1436 3870 1677 3935 Poetae
1707 3872 2031 3935 sententia
2056 3868 2283 3947 modo,
2327 3867 2447 3933 sed
2493 3870 2829 3951 ingenium

609 3984 858 4049 arsque
885 3967 1034 4051 ejus
1065 3975 1514 4052 patescerent.
1607 3970 1881 4049 Quibus
1908 3972 2102 4048 enim,
2120 3978 2191 4035 et
2216 3972 2464 4055 quibus
2492 3969 2579 4034 de
2600 3970 2830 4035 causis

619 4066 1066 4134 scriberemus
1115 4088 1546 4157 nequaquam
1575 4072 1791 4151 obliti,
1840 4072 2169 4156 voluptati
2211 4073 2405 4137 nobis
2445 4072 2633 4136 labor
2675 4071 2827 4150 fuit,

608 4186 780 4254 quae
799 4170 1027 4237 omnia
1055 4172 1536 4256 super-vaderet.
1599 4172 1735 4241 ,Ne
1764 4175 1916 4260 quis
1945 4194 2109 4241 vero
2129 4174 2281 4259 jure
2320 4174 2669 4259 dereptam
2696 4172 2831 4244 sihi
