3217 4946
1427 425 1628 476 vim.
2538 413 2626 480 21

597 569 800 638 Nunc
829 589 1086 654 precor,
1115 577 1190 636 ιιι
1215 572 1483 637 vivant:
1527 577 1598 635 et
1622 589 1751 635 non
1778 572 2023 653 ignava
2047 572 2377 654 legentem

679 671 842 737 Otia
864 672 1194 738 delectent
1221 674 1753 755 admoneantque
1778 674 1935 738 mei.
1998 725 2005 732 .

591 773 750 840 Non
777 781 994 840 tamen
1021 775 1139 840 illa
1167 775 1290 858 legi
1318 781 1631 857 poterunt
1658 776 1989 856 patienter
2010 775 2095 838 ab
2114 776 2274 854 ullo,

679 875 966 942 Nesciat
990 879 1094 942 his
1117 895 1442 942 summam
1469 877 1530 940 si
1560 877 1711 960 quis
1738 877 1977 940 abesse
2003 897 2291 943 manum.

582 975 902 1044 Ablatum
931 979 1163 1044 mediis
1193 999 1370 1064 opus
1399 985 1502 1044 est
1527 979 1884 1043 incudibus
1913 978 2119 1043 illud:

523 1072 539 1087 ⁸
672 1080 907 1145 Defuit
933 1087 1000 1145 et
1030 1081 1298 1165 scriptis
1325 1081 1563 1145 ultima
1589 1080 1751 1144 lima
1778 1082 1967 1144 meis.

587 1180 672 1246 Et
696 1182 958 1245 veniam
985 1201 1105 1264 pro
1128 1181 1328 1246 laude
1357 1189 1558 1265 peto:
1601 1181 1918 1246 laudatus
1946 1181 2232 1260 abunde,

670 1281 830 1346 Non
855 1283 1193 1348 fastiditus
1222 1283 1284 1348 si
1309 1283 1453 1361 tibi,
1477 1283 1707 1359 lector,
1736 1300 1875 1347 ero.

581 1381 734 1448 Hos
755 1403 1019 1467 quoque
1049 1403 1167 1448 sex
1202 1403 1428 1448 versus
1457 1387 1526 1449 in
1555 1385 1769 1468 prima
1794 1383 2003 1448 fronte
2022 1381 2260 1461 libelli,

643 1471 739 1548 ‘Si
759 1484 1249 1567 praeponendos
1277 1501 1426 1548 esse
1452 1485 1745 1567 putabis,
1774 1485 1989 1549 habe:

577 1583 792 1650 ΟιιΒΑ
824 1591 1090 1668 parente
1121 1605 1244 1650 suo
1270 1585 1674 1670 quicumque
1703 1587 2037 1651 volumina
2064 1583 2303 1669 tangis,

658 1685 796 1751 His
826 1687 1321 1753 saltemvestra
1349 1687 1538 1753 detur
1565 1689 1635 1752 in
1664 1691 1827 1753 urbe
1852 1688 2071 1753 locus.

572 1787 854 1872 Quoque
877 1790 1094 1872 magis
1121 1789 1375 1867 faveas,
1401 1809 1532 1854 non
1557 1795 1714 1854 sunt
1739 1789 1887 1854 haec
1914 1788 2101 1853 edita
2130 1785 2421 1870 abipso,

652 1889 788 1954 Sed
817 1893 1013 1973 quasi
1043 1892 1127 1956 de
1158 1891 1408 1956 domini
1436 1890 1664 1956 sunere
1708 1898 1903 1976 rapta
1930 1891 2055 1954 sui.
2386 1907 2395 1916 ·

566 1990 912 2074 Quicquid
939 1993 1008 2055 in
1029 1991 1138 2056 bis
1166 1993 1368 2074 igitur
1397 1991 1544 2057 vitii
1572 1993 1739 2057 rude
1768 2011 2029 2057 carmen
2053 1991 2356 2068 habebit,

648 2089 1151 2171 Emendaturus,
1179 2093 1238 2156 si
1266 2091 1582 2170 licuisset,
1605 2100 1767 2158 erat.

391 2192 612 2259 ltem
591 2212 660 2257 ιιι
690 2209 803 2256 ιιι.
834 2193 999 2275 eleg.
1021 2194 1128 2258 14.

563 2292 731 2359 Sunt
759 2313 1022 2376 quoque
1051 2301 1322 2360 mutatae
1353 2301 1452 2360 ter
1481 2297 1777 2379 quinque
1808 2294 2149 2360 volumina
2172 2289 2429 2370 formae,

644 2393 956 2459 Carmina
983 2394 1068 2458 de
1095 2395 1348 2459 domini
1371 2396 1608 2460 sunere
1622 2403 1815 2481 rapta
1844 2398 1967 2461 sui.

557 2496 731 2563 Illud
760 2516 936 2580 opus
964 2498 1204 2582 potuit,
1233 2499 1294 2562 si
1321 2518 1453 2564 non
1477 2500 1661 2583 prius
1690 2501 1839 2584 ipse
1864 2499 2212 2583 perissem,

641 2596 957 2662 Certius
939 2618 981 2663 a
1001 2616 1261 2663 summa
1288 2617 1530 2663 nomen
1552 2598 1794 2662 habere
1822 2618 2051 2662 manu.

551 2700 748 2766 Nunc
777 2698 1211 2765 incorrectum
1239 2698 1476 2783 populi
1505 2697 1851 2781 pervenit·
1831 2716 1901 2761 ιιι
1922 2716 2063 2774 ora,

629 2804 714 2869 In
734 2802 967 2885 populi
991 2802 1354 2886 quicquam
1380 2802 1440 2865 si
1468 2806 1695 2865 tamen
1720 2818 1831 2863 ore
1856 2818 2081 2863 meum
2110 2802 2236 2863 est.

373 2906 662 2991 Scripsit
706 2910 774 2970 et
817 2902 1128 2969 Medeam
1156 2903 1570 2985 tragoediam,
1601 2901 1685 2967 dc
1710 2920 1845 2985 qua
1870 2902 2159 2966 maxime
2184 2904 2252 2965 et
2289 2920 2332 2965 a
2359 2899 2571 2981 Quin-

367 3010 602 3075 tiliano
629 3013 697 3070 et
739 3026 784 3070 a
827 3004 1137 3070 Cornelio
1183 3005 1424 3071 Tacito
1473 3003 1791 3069 laudatus
1834 3009 1957 3068 est.
2044 3000 2166 3067 Ait
2214 3006 2383 3069 enim
2436 3004 2568 3069 Fa·

367 3111 562 3176 bius:
608 3107 840 3173 Ovidii
869 3104 1117 3174 Medea
1144 3107 1452 3186 ostendit,
1481 3112 1803 3193 quantum
1829 3106 1933 3169 vir
1956 3104 2071 3169 ille
2098 3112 2415 3187 praestare
2442 3125 2565 3189 po-

365 3209 580 3289 tuerit,
625 3209 686 3273 si
731 3208 991 3289 ingenio
1021 3228 1149 3273 suo
1177 3214 1567 3291 temperare,
1595 3226 1799 3293 quam
1836 3205 2173 3288 indulgere
2200 3206 2569 3271 maluisset.

361 3312 636 3376 Summo
678 3309 875 3373 etiam
927 3328 1078 3375 eum
1118 3309 1324 3373 fuisse
1371 3308 1638 3391 judicio
1707 3307 1991 3373 ostendit
2047 3308 2306 3373 Seneca
2346 3308 2415 3371 in
2478 3325 2559 3372 ιι.

361 3410 947 3479 Declamationum
975 3410 1076 3475 sic
1097 3411 1440 3495 inquiens:
1490 3410 1793 3495 Rogatus
1813 3409 2179 3494 aliquando
2202 3409 2291 3473 ab
2321 3407 2555 3473 amicis

355 3514 525 3591 suis,
555 3518 634 3575 ut
664 3510 922 3576 tolleret
948 3515 1080 3575 tres
1106 3530 1361 3591 versus,
1404 3514 1647 3596 petivit
1673 3512 1981 3589 invicem,
2006 3516 2084 3575 ut
2126 3516 2255 3575 tres
2280 3510 2557 3595 excipe-

353 3620 477 3691 ret,
499 3613 570 3677 in
601 3630 772 3695 quos
799 3610 934 3675 illis
962 3612 1121 3675 nihil
1157 3612 1400 3677 liceret.
1489 3612 2038 3697 Conscripserant
2064 3612 2186 3690 illi,
2215 3630 2383 3695 quos
2411 3612 2555 3677 tolli

351 3712 620 3791 vellent,
687 3718 943 3777 secreto
990 3713 1100 3778 hic
1145 3732 1316 3797 quos
1361 3720 1539 3780 tutos
1610 3733 1761 3779 esse
1811 3714 2033 3779 vellet.
2139 3712 2219 3781 In
2260 3712 2553 3798 utrisque

351 3813 687 3879 codicillis
747 3812 955 3878 iidem
1005 3832 1241 3879 versus
1287 3820 1487 3881 erant.
1575 3814 1687 3880 Ex
1730 3815 1975 3899 quibus
2006 3814 2295 3898 primum
2341 3811 2549 3880 fuisse

349 3916 666 3981 narrabat
707 3912 1175 3983 Albinovanus
1204 3914 1416 3993 Pedo,
1446 3917 1560 3998 qui
1583 3917 1749 3981 inter
1774 3916 2054 3981 arbitros
2078 3915 2250 3982 fuit:

517 4016 1074 4103 Semibovemque
1101 4017 1335 4097 virum,
1365 4016 1878 4107 semivirumque
1902 4018 2163 4084 bovem.
2228 4074 2233 4077 .
2278 4064 2289 4075 .

345 4118 730 4187 secundum
751 4135 778 4181 ι
