3217 4946
593 371 641 440 8
1487 387 1909 440 nummio.

596 531 832 598 1²0&ae
861 531 1250 597 obtendunt.
1339 527 1596 594 Verum
1628 532 2165 616 quotusquisque
2187 532 2287 598 ita
2316 537 2421 598 est
2447 533 2710 613 beatus,
2738 541 2813 600 ut

594 634 700 699 illi
747 635 1136 718 hujusmodi
1183 634 1426 699 vitium
1477 634 1918 698 obtrudatur?
2039 632 2235 713 Quos
2282 636 2519 699 debuit
2562 637 2815 702 fructus

595 735 716 800 illa
771 743 940 802 aetas
976 737 1285 819 protulit:
1348 739 1701 820 magisque
1746 743 2002 802 naturae
2065 757 2269 821 quam
2334 737 2569 801 Po'etae
2627 738 2815 802 laudi

593 839 1072 903 obtrectaverit
1115 839 1234 921 qui
1277 841 1705 904 morosiorem
1744 857 1819 902 se
1891 840 2017 904 hac
2068 840 2137 904 in
2177 847 2367 924 parte
2424 841 2813 923 praebuerit.

595 937 823 1004 Voces
867 940 1158 1024 denique
1199 941 1572 1018 nonnullaS,
1603 941 1851 1023 quibus
1894 940 2165 1004 licenter
2214 941 2413 1004 nimis
2458 941 2531 1004 in
2571 943 2814 1006 canni-

603 1041 802 1105 uibus
831 1061 1000 1106 usus
1027 1043 1138 1120 sit,
1169 1041 1728 1125 reprehenderunt
1770 1041 1930 1106 olim
1975 1042 2174 1106 etiam
2228 1044 2375 1126 ejus
2408 1043 2631 1106 amici.
2720 1040 2818 1107 At

595 1147 986 1206 cunctanter
1047 1143 1448 1224 arguendum
1500 1163 1655 1206 esse
1692 1163 1781 1207 ex
1830 1163 1913 1207 eo
1970 1145 2243 1209 abunde
2286 1148 2574 1219 constat,
2626 1143 2806 1226 quod

596 1242 752 1307 data
795 1263 1002 1327 opera
1043 1245 1148 1308 vir
1189 1244 1260 1308 iu
1307 1245 1456 1307 aliis
1501 1263 1635 1308 non
1682 1244 1933 1326 ingenii
1994 1245 2195 1309 modo
2241 1244 2639 1321 acutissimi,
2690 1243 2811 1308 sed

593 1343 1058 1410 delicatissimi
1097 1345 1360 1430 judicii,
1391 1347 1490 1410 ita
1539 1347 1921 1410 faciendum
1950 1346 2369 1411 crediderit.·
2420 1345 2621 1424 Quod
2670 1346 2817 1429 qui—

595 1444 746 1510 dem
775 1466 864 1509 ex
899 1446 1144 1530 jocosa
1173 1467 1330 1510 cum
1359 1449 1596 1511 amicis
1626 1448 2105 1513 contestatione
2135 1448 2422 1533 quadam
2450 1448 2813 1513 manifeste

597 1553 897 1630 apparet.
985 1547 1296 1631 Rogatus
1347 1549 1526 1613 enim
1575 1551 1941 1635 aliquando
1988 1553 2075 1615 ab
2126 1552 2258 1629 his,
2306 1559 2382 1616 ut
2436 1557 2590 1628 tres,
2641 1565 2813 1632 quos

597 1648 865 1728 vellent,
885 1669 977 1714 cx
999 1669 1320 1716 versuum
1350 1652 1569 1735 ipsius
1595 1671 1869 1718 numero
1892 1653 2231 1733 tollerent3
2264 1671 2415 1716 cum
2442 1653 2559 1716 ille
2586 1670 2816 1715 assen-

595 1751 844 1828 tiretur,
872 1752 1073 1817 modo
1101 1760 1178 1818 ut
1221 1755 1354 1818 sibi
1405 1757 1656 1838 pariter
1704 1755 1984 1819 totidem
2027 1755 2337 1838 excipere
2382 1753 2818 1817 concederent

593 1848 664 1912 in
691 1853 936 1933 quibus
963 1855 1126 1917 nihil
1171 1855 1306 1918 illis
1334 1855 1582 1931 liceret,
1614 1855 1813 1920 iidem
1858 1857 1929 1920 in
1964 1857 2261 1940 utrisque
2292 1855 2621 1919 codicillis
2659 1859 2813 1916 sunt

601 1951 875 2031 inventi,
905 1973 1078 2036 quos
1123 1956 1272 2038 ipse
1313 1959 1641 2034 retineret,
1694 1959 1791 2023 illi
1818 1977 1981 2023 vero
2032 1958 2440 2022 damnarent.
2532 1955 2817 2018 Dicebat

605 2053 892 2134 interim,
921 2061 990 2120 et
1019 2057 1365 2141 aptissime
1417 2065 1486 2124 et
1527 2060 1981 2137 festivissime,
2032 2061 2473 2124 decentiorem
2524 2075 2675 2121 eam
2716 2056 2817 2120 fa-

593 2157 777 2222 ciem
824 2179 973 2223 esse
1015 2161 1082 2223 in
1132 2179 1268 2243 qua
1311 2181 1556 2226 naevus
1599 2164 1849 2246 aliquis
1876 2169 2072 2229 esset.
2160 2161 2415 2226 Verum
2456 2163 2817 2236 enimvero,

599 2277 718 2322 cur
743 2259 988 2324 inistis
1005 2279 1278 2343 operam
1305 2267 1607 2328 nostram
1633 2265 1879 2346 frustra
1909 2265 2315 2329 conterimus
2334 2263 2365 2326 ‘l
2437 2260 2816 2326 Dolendum

599 2361 816 2442 magis
861 2368 966 2426 est
1011 2363 1192 2445 quod
1247 2367 1801 2446 praestantissima
1854 2365 2165 2449 quaedam
2216 2381 2425 2446 opera
2472 2364 2618 2445 ejus
2676 2360 2817 2424 fato

593 2463 827 2547 iniquo
855 2463 1206 2546 perierunt,
1241 2465 1598 2535 Fastorum
1639 2476 1809 2551 puta
1840 2488 1964 2531 sex
2004 2467 2155 2530 libri
2202 2463 2635 2549 posteriores,
2668 2459 2817 2524 Me-

591 2564 730 2629 dea
757 2565 1110 2647 tragoedia,
1141 2566 1358 2631 Fabio
1387 2574 1592 2653 atque
1620 2570 1869 2635 Tacito
1911 2568 2197 2651 aliisque
2226 2566 2585 2651 plurimum
2636 2578 2817 2627 comi-

597 2668 931 2744 mendata,
991 2668 1499 2751 Epigrammata
1565 2674 1796 2753 etiam,
1866 2670 1951 2736 de
1996 2672 2241 2755 quibus
2294 2668 2687 2734 Priscianus
2744 2672 2817 2728 et

600 2768 954 2835 Martialis.
1044 2769 1373 2837 Libellum
1431 2792 1699 2859 quoque
1744 2775 1831 2839 de
1896 2771 2363 2838 Phaenomenis
2422 2768 2812 2850 scripserat,

599 2872 698 2934 uti
719 2890 808 2933 ex
831 2871 1168 2935 Lactantii
1197 2878 1263 2934 et
1293 2874 1499 2937 Probi
1521 2876 1847 2937 sententia
1866 2874 2107 2955 liquet:
2152 2873 2443 2953 itemque
2472 2870 2713 2933 librum
2744 2866 2817 2929 in

589 2970 818 3033 -malos
848 2970 1128 3047 Po'e'tas,
1161 2978 1236 3034 ut
1257 2990 1344 3035 ex
1377 2972 1594 3037 Fabio
1624 2972 1997 3055 colligitur:
2040 2970 2357 3035 nonnulla
2382 2971 2651 3053 insuper
2670 2966 2819 3032 Va-

599 3070 852 3146 ticinia,
881 3088 1036 3153 quae
1063 3070 1236 3134 libro
1259 3090 1402 3135 uno
1431 3081 1580 3136 erat
1607 3071 2026 3155 complexus.
2115 3069 2303 3150 Quin
2328 3076 2399 3135 et
2424 3072 2655 3153 lingua
2679 3068 2819 3134 Ge-

597 3172 736 3236 tica
761 3170 1164 3253 triumphum
1203 3171 1492 3254 Augusti
1516 3172 1837 3251 CaesariS,
1884 3180 1953 3237 et
1994 3172 2079 3237 de
2108 3175 2313 3256 gestis
2357 3170 2814 3256 Imperatoris,

591 3270 924 3337 ediderat.
1017 3271 1227 3336 Plura
1255 3274 1390 3337 alia
1419 3274 1639 3339 adbuc
1678 3274 2049 3357 deperdita,
2080 3279 2323 3357 praeter
2350 3273 2593 3336 bellum
2621 3270 2819 3335 Acti·-

605 3390 824 3452 acum,
849 3374 1036 3456 quod
1075 3375 1164 3439 ad
1194 3374 1420 3440 Tiber.
1465 3374 1809 3441 Caesarem
1840 3376 2103 3441 duobus
2128 3376 2317 3441 libris
2344 3374 2817 3441 inchoaverat:

601 3494 689 3539 ex
707 3476 950 3571 quibus
973 3479 1311 3555 omuibus„

587 3628 598 3637 .
690 3576 866 3641 Tum
897 3596 1168 3662 quoque
1195 3598 1348 3645 cum
1375 3581 1655 3664 fugeret,
1674 3580 1995 3665 quaedam
2024 3579 2357 3665 placitura
2384 3578 2725 3654 cremavit,

866 3679 1088 3743 Iratus
1109 3681 1359 3761 studio,
1389 3685 1923 3765 carminibusque
1950 3685 2127 3747 suis:

607 3780 706 3843 uti
750 3781 1020 3864 quidem
1071 3782 1258 3847 illum
1301 3786 1530 3866 ipsu'rn
1583 3782 2009 3847 confitentem
2072 3780 2450 3846 habuimus.
2542 3778 2817 3845 Illorum

606 3866 824 3947 autem
853 3882 1006 3948 loco
1025 3884 1240 3951 multa
1258 3884 1432 3949 falso
1461 3886 1927 3964 attributa31n
1948 3885 2195 3968 quibus
2222 3878 2491 3945 Carmen
2518 3878 2815 3967 Panegy-

607 3982 802 4045 ricum
849 3984 938 4046 ad
984 3983 1296 4064 Pisonem,
1339 3982 1720 4063 PhIlomela,
1774 3980 2013 4063 Puleoe,
2060 3984 2289 4067 Nugae
2352 3983 2545 4049 libris
2594 3982 2815 4048 tribus

609 4082 716 4151 De
758 4082 1000 4165 Vetula,
1067 4088 1142 4152 in
1193 4088 1436 4173 quibus
1490 4088 1951 4171 ineptissimus
2016 4094 2281 4166 auctor,
2338 4087 2561 4149 minius
2612 4084 2817 4149 ctiam

611 4186 934 4254 Ovidium
971 4189 1281 4270 reserens,
1311 4208 1518 4275 quam
1560 4191 1761 4258 simia
1798 4189 2155 4269 hominen,
2202 4206 2345 4256 uon
2400 4188 2591 4254 aliter
2630 4184 2819 4255 illm
