3217 4946
589 415 638 480 2
1503 425 1885 478 EPIS'mhA.

593 579 806 659 perat,
837 589 995 658 quoe
1027 567 1334 652 Augusto
1383 587 1509 633 suo
1559 573 1875 650 tanquam
1906 565 2219 650 praesenti
2265 567 2467 648 atque
2496 565 2805 648 aspecta-

589 676 709 742 bili
765 673 1032 738 numine
1094 668 1417 754 quopiam
1485 668 1907 750 gloriabatur.
1996 665 2113 744 At,
2174 685 2257 730 ne
2297 665 2458 750 quid
2508 665 2596 729 de
2646 665 2805 730 sede

592 779 815 844 dicam
881 776 1084 856 regia,
1139 772 1331 856 cujus
1382 776 1629 835 statum
1675 775 1872 852 atque
1918 767 2234 844 ordinem,
2289 767 2523 844 decuS,
2580 766 2807 851 splen-

594 881 846 955 dorem,
877 877 1143 959 aliaque
1185 873 1422 937 nullibi
1479 871 1958 955 conspicienda
2013 889 2211 934 nemo
2267 870 2625 954 quisquam
2665 885 2805 932 non

594 979 984 1055 admiretur3
1050 981 1406 1060 postquam
1475 973 1586 1035 hic
1635 972 1943 1040 homines
1996 971 2154 1036 Diis
2212 972 2355 1059 suis
2428 971 2804 1054 superiores

595 1079 882 1146 advertit
951 1061 1164 1153 Naso,
1231 1081 1428 1157 teque
1503 1075 1773 1158 insuper
1823 1072 2017 1149 vidit,
2079 1071 2403 1155 Princeps
2474 1071 2803 1154 Auguste,

597 1184 972 1248 Lunovlcl
1037 1175 1305 1240 MAem
1360 1193 1544 1251 cura,
1603 1193 1806 1258 quem
1854 1189 1975 1257 per
2026 1179 2162 1238 tam
2215 1174 2483 1255 longam
2542 1173 2806 1256 Regum

595 1288 856 1360 seriem,
911 1287 1232 1362 tantoque
1276 1297 1490 1342 rerum
1545 1276 1885 1340 molimine
1930 1273 2107 1339 Fata
2159 1294 2286 1358 pro
2329 1274 2616 1358 hujusce
2672 1276 2807 1341 aevi

593 1385 809 1470 gloria
835 1389 902 1449 et
931 1383 1276 1448 saustitate
1301 1381 1373 1443 in
1401 1380 1632 1444 orbem
1684 1380 2095 1456 invexerunt,
2124 1381 2283 1444 tuuc
2328 1395 2513 1456 vero,
2566 1378 2628 1442 si
2672 1397 2807 1442 non

594 1487 668 1550 in
697 1492 910 1550 totum
939 1485 1070 1547 sibi
1113 1483 1440 1546 barbarus
1490 1479 1681 1543 visus
1720 1484 1847 1558 est,
1877 1483 2130 1544 mutum
2174 1497 2334 1544 sane
2376 1477 2522 1544 fieri
2570 1487 2807 1564 stupor

597 1587 927 1672 optimum
970 1604 1124 1650 esse
1178 1581 1531 1667 persuasit.
1620 1579 1735 1644 Ad
1764 1585 1996 1646 nutum
2028 1581 2262 1664 itaque
2290 1587 2503 1660 tuum,
2547 1581 2807 1667 tibique

595 1690 666 1753 in
694 1690 921 1754 omnia
957 1686 1418 1770 paratissimus
1472 1685 1797 1768 deinceps
1849 1702 2007 1748 cum
2056 1685 2189 1748 tuis
2240 1685 2688 1767 permanebit:
2734 1688 2808 1748 ut

595 1788 954 1874 siquando
984 1809 1027 1852 a
1055 1785 1387 1852 versando
1434 1786 1594 1850 orbe
1641 1790 1709 1848 et
1756 1783 2239 1866 componendo,
2277 1790 2393 1849 aut
2442 1787 2528 1851 ab
2574 1787 2807 1852 invicti

597 1892 908 1958 Parentis
957 1889 1187 1953 labore
1231 1889 1528 1952 animum
1556 1904 1868 1950 revocare
1896 1887 2183 1964 libuerit,
2234 1905 2357 1951 seu
2399 1888 2604 1972 jocis,
2637 1909 2807 1972 quos

595 1992 970 2056 amabiliter
1013 2007 1281 2053 movere
1309 1987 1554 2052 Thalia
1600 2006 1725 2052 sua
1779 1987 1965 2050 illum
2006 1987 2299 2066 edocuit,
2352 2009 2473 2054 seu
2520 1989 2807 2069 fabellis,

595 2112 764 2176 quas
795 2093 882 2159 ab
917 2089 1227 2175 Apolline
1273 2091 1429 2173 ipso
1473 2088 1743 2174 videtur
1782 2094 2146 2167 mutuasse,
2176 2091 2609 2173 cogitationes
2654 2098 2806 2157 tuas

596 2194 870 2259 delinire
901 2192 1375 2275 aliquantisper
1396 2191 1663 2256 audeat.
1752 2189 1829 2255 Si
1861 2190 2129 2273 quidem
2158 2197 2229 2256 et
2254 2191 2437 2256 illum
2466 2201 2806 2277 cooptare,

537 2305 542 2313 ⁴
596 2301 800 2379 atque
828 2295 896 2359 in
927 2299 1192 2358 tuorum
1221 2293 1497 2358 chorum
1526 2312 1865 2359 arcessere
1907 2312 2043 2356 non
2072 2292 2467 2376 dedignatus
2494 2313 2594 2373 es,
2624 2295 2807 2360 haud

591 2398 920 2480 ingratum
946 2395 1091 2475 erit,
1125 2393 1641 2460 Snassmssmss
1688 2396 2101 2473 Parnom’S,
2132 2396 2315 2478 quod
2354 2395 2532 2460 illius
2558 2397 2802 2476 dotem,

596 2506 760 2584 qua·
782 2498 1074 2563 maxime
1129 2495 1446 2581 prodesse
1493 2497 1739 2579 possit,
1772 2496 2190 2577 aliquatenus
2235 2498 2459 2562 verbis
2510 2500 2695 2583 apud
2742 2508 2806 2564 te

595 2619 928 2667 exornem.
1017 2598 1125 2664 Ea
1151 2599 1422 2665 licentia
1447 2599 1735 2682 plurima
1758 2599 2001 2663 habere
2024 2598 2226 2663 etiam
2252 2598 2438 2664 illum
2478 2600 2807 2668 affirmare

592 2722 728 2767 non
755 2702 1070 2779 dubitem,
1101 2720 1256 2785 quae
1306 2702 1506 2784 regiae
1530 2700 1862 2784 dignitati,
1894 2702 1979 2765 ad
2024 2720 2230 2785 quam
2274 2708 2344 2767 et
2390 2704 2646 2768 natales
2680 2704 2803 2783 tui,

593 2810 664 2869 et
715 2804 930 2886 gloria
981 2802 1213 2885 Regis,
1261 2808 1329 2867 et
1370 2804 1769 2887 populorum
1796 2808 1958 2868 vota
1986 2809 2051 2868 te
2076 2804 2350 2881 ducunt,
2381 2818 2807 2889 nequaquam

592 2902 938 2968 infeliciter
987 2902 1470 2986 respondeant:
1517 2904 1845 2984 siquidem
1888 2908 1954 2966 et
1998 2923 2259 2969 summo
2314 2906 2599 2970 artificio
2644 2927 2801 2989 quae

593 3003 926 3068 hincinde
948 3002 1256 3086 dispersa
1277 3006 1464 3065 erant
1491 3002 1564 3063 in
1587 3022 1791 3066 unum
1820 3020 2067 3084 corpus
2096 3003 2341 3085 coegit,
2365 3010 2438 3067 et
2457 3024 2561 3083 ea,
2584 3009 2803 3088 magis

595 3104 682 3169 ad
711 3104 1113 3187 voluptatem
1162 3108 1421 3187 parata,
1452 3104 1751 3185 politicis
1802 3104 2062 3169 artibus
2107 3106 2203 3169 ita
2250 3110 2683 3185 consecravit,
2729 3115 2806 3175 ut

593 3204 780 3269 illam
815 3206 940 3269 sub
971 3205 1230 3277 virtutis
1277 3206 1484 3287 signa·
1517 3205 1816 3288 redigere
1860 3207 2060 3271 unice
2103 3208 2447 3273 studuisse
2474 3209 2801 3275 videatur.

598 3305 750 3371 Scis
785 3306 882 3371 ita
929 3324 1079 3371 esse
1121 3304 1265 3389 jam
1318 3304 1459 3385 diu,
1515 3306 1631 3389 qui
1688 3306 2363 3373 Transformationum
2411 3310 2615 3376 libros
2671 3332 2805 3377 non

523 3431 536 3441 ·
596 3406 916 3473 evolvisti·
951 3407 1152 3476 modo
1208 3408 1552 3473 alacritate
1602 3410 1875 3486 eximia,
1916 3409 2035 3474 sed
2081 3412 2219 3475 acri
2270 3412 2560 3497 insuper,
2592 3432 2804 3497 quan-

596 3518 798 3592 quam
838 3508 1142 3593 juvenili,
1179 3510 1442 3593 judicio
1471 3509 1961 3594 praecellentem
1989 3514 2350 3578 moralibus
2396 3516 2806 3582 observatio-

595 3612 793 3675 nibus
832 3611 966 3675 tuis
1015 3610 1387 3676 reddidisti.
1477 3611 1741 3677 Sensim
1794 3633 1951 3696 ergo
1995 3621 2065 3680 et
2112 3615 2308 3698 quasi
2338 3636 2457 3699 per
2486 3618 2729 3699 gradus
2756 3638 2802 3683 a

599 3709 836 3777 Roistae
868 3713 1126 3777 lusibus
1171 3712 1260 3775 ad
1284 3711 1438 3795 ejus
1479 3714 1679 3792 seria,
1711 3718 1846 3781 tum
1896 3717 1982 3779 ab
2030 3715 2181 3799 ejus
2226 3718 2446 3797 seriis,
2477 3739 2630 3805 quae
2681 3722 2801 3787 tibi

597 3814 796 3897 quasi
838 3814 1162 3898 praeludio
1208 3813 1478 3894 fuerint,
1509 3816 1598 3879 ad
1641 3816 1850 3883 ardua
1897 3820 2101 3901 regni,
2146 3819 2234 3884 ad
2276 3838 2428 3904 quae
2480 3825 2801 3905 posceris,

596 3904 748 3979 cuim
779 3934 1020 3997 magno
1054 3915 1336 3981 Parente
1364 3918 1711 3999 assurgere
1739 3922 2006 4003 poteris.
2072 3921 2179 3986 Ita
2204 3942 2365 3989 vero
2396 3923 2583 3988 illum
2610 3922 2803 3988 ador-

595 4017 790 4094 navi,·
808 4016 1248 4101 Latinumque
1291 4018 1439 4102 ejus
1467 4031 1856 4097 sermonem,
1886 4041 2021 4104 qua
2062 4024 2207 4087 fieri
2232 4026 2478 4108 potuit,
2520 4023 2607 4087 ad
2634 4022 2802 4089 Gal-

573 4115 712 4181 ·lici
739 4118 952 4181 nostri
977 4118 1298 4183 rationem
1337 4119 1440 4183 sic
1483 4122 1820 4199 revocavi,
1853 4128 1923 4187 ut
1977 4124 2039 4189 si
2088 4124 2311 4190 minus
2360 4125 2609 4190 directe
2632 4126 2799 4203 ⁶tibi,
2844 4134 2859 4149 ·

600 4216 1008 4286 nmmum:
1055 4218 1602 4303 Sssanmssms,
1632 4224 1964 4292 usuiesse
2000 4226 2362 4306 contendit,
2416 4246 2539 4311 per
2594 4225 2801 4295 alium
