3217 4946
551 358 620 434 6,
1443 368 1857 418 rammi-ro.

529 533 656 587 ,me
682 513 1008 593 volumus,
1037 512 1270 580 nolens
1301 511 1504 578 etiam
1531 506 1805 588 dixerit,
1837 510 2061 576 omnia
2087 511 2159 576 in
2188 512 2341 596 ipso
2368 513 2571 590 bona,
2600 512 2761 582 artis

523 635 816 701 qnoque
862 616 1284 696 elegantiam,
1325 619 1396 678 et
1433 613 1718 696 peritam
1756 612 2214 695 negligentiam
2250 633 2295 678 a
2320 617 2559 678 natura
2602 613 2763 678 data

547 732 717 783 esse.
805 716 986 797 Quae
1013 718 1238 782 omnia
1263 711 1502 782 melius
1529 715 1739 780 multo
1780 733 1869 777 ex
1912 715 2273 798 cujuslibet
2318 714 2455 780 loci
2494 714 2785 804 inspecf

545 819 751 898 tione,
774 821 1181 904 ubicumque
1203 820 1446 886 librum
1469 817 1805 901 aperueris
1832 817 1957 881 tibi
1985 816 2406 894 innotescent,
2430 815 2761 894 Laeron,

547 923 852 1009 quisquis
879 923 1064 988 hisce
1092 922 1308 988 literis
1355 920 1621 998 faveris,
1666 937 1867 1002 quam
1895 919 2172 1001 prolixa
2200 919 2431 1004 aliqua
2458 919 2763 984 oratione

549 1025 819 1108 assequi
849 1025 1219 1090 valeamus.
1308 1022 1552 1104 Neque
1577 1039 1733 1085 vero
1766 1021 2166 1103 promiscue,
2198 1026 2315 1085 aut
2340 1021 2485 1086 sine
2501 1019 2760 1103 judicio

546 1127 744 1192 bonis
777 1127 943 1192 suis·
962 1145 1157 1192 usum
1205 1122 1490 1189 Poetam
1542 1123 1811 1206 uspiam
1847 1123 2237 1204 comperies.
2324 1121 2611 1186 Materia
2638 1141 2763 1186 sua

545 1235 620 1292 et
655 1235 1113 1311 argumentum
1135 1227 1406 1292 modum
1447 1226 1698 1308 ubique
1736 1224 1897 1289 fecit
1923 1224 2209 1288 orationi
2255 1228 2325 1287 et
2348 1223 2571 1306 generi
2596 1222 2763 1288 scri-

542 1329 784 1395 bendi:
827 1337 919 1408 et,
951 1346 1330 1414 quanquam
1356 1326 1598 1393 nullibi
1616 1343 1753 1392 non
1778 1327 2077 1402 sedulus,
2112 1330 2485 1402 accuratus,
2514 1324 2760 1402 facilis,

547 1430 891 1514 copiosuS,
940 1431 1189 1507 varius,
1245 1432 1629 1511 certentque
1676 1426 1765 1492 ad
1814 1427 2277 1492 amoenitatem
2326 1427 2395 1490 in
2447 1426 2759 1490 omnibus

545 1531 688 1617 ejus
734 1531 1058 1616 operibus
1091 1531 1342 1613 ingenii
1369 1529 1659 1596 felicitas
1684 1530 1853 1594 mira
1890 1548 2049 1594 cum
2098 1528 2465 1592 eruditione
2501 1526 2763 1610 politis-

543 1633 742 1708 sima,
791 1633 1216 1698 nihilominus
1261 1638 1505 1710 tamen,
1545 1631 1950 1714 ubicumque
1996 1649 2171 1713 opus
2228 1630 2376 1707 fuit,
2424 1628 2763 1694 character

541 1733 655 1798 ille
695 1735 983 1811 emicuit,
1041 1753 1235 1816 quem
1275 1753 1495 1798 rerum
1541 1732 1847 1814 ipsarum
1912 1737 2153 1796 natura
2200 1730 2593 1814 postulavit,
2638 1747 2758 1794 seu

542 1833 920 1916 splendide,
950 1854 1083 1917 quo
1117 1835 1189 1898 in
1214 1853 1451 1916 genere
1481 1833 1733 1916 primas
1780 1832 1956 1910 tulit,
1986 1850 2108 1896 seu
2148 1832 2360 1896 lenius
2404 1830 2757 1896 dicendum

541 1933 730 2000 foret.
849 1932 1196 2017 Epistolas
1245 1934 1332 1998 ab
1387 1933 1560 2017 ipso,
1610 1953 1741 1998 suo
1788 1934 1902 1998 vel
1956 1933 2243 1998 aliorum
2292 1933 2555 1998 nomine
2606 1950 2763 1996 con·

545 2037 855 2119 scriptas,
884 2035 1285 2118 inspexeriS,
1305 2035 1593 2100 'libellos
1638 2035 1984 2112 Amorum,
2021 2033 2609 2118 Metamorphosin,
2648 2037 2765 2098 aut

545 2136 730 2202 aliud
748 2137 1212 2221 quodcumque
1233 2137 1381 2221 ejus
1411 2137 1834 2220 opusculum,
1856 2135 2235 2218 elegantem
2264 2135 2455 2200 illum
2483 2139 2551 2200 et
2579 2152 2763 2199 ama-

540 2237 740 2302 bilem
769 2257 924 2302 esse
943 2240 1057 2322 qui
1095 2238 1438 2320 scripserit
1469 2237 1695 2300 statim
1724 2236 2073 2319 intelliges,
2162 2235 2501 2312 Ceterum,
2543 2254 2759 2318 neque

541 2337 878 2422 ingenium
903 2338 1074 2422 ejus,
1094 2357 1310 2421 neque
1349 2337 1570 2402 oratio
1593 2356 1749 2402 sese
1778 2337 1877 2401 ita
1904 2338 1973 2400 in
2014 2336 2570 2414 omniainduunt,
2600 2338 2763 2419 quin

543 2455 626 2505 ea
671 2438 1153 2523 perfectissime
1195 2456 1670 2520 recognoscas.
1760 2437 2063 2517 Singulis
2090 2437 2315 2501 lumen
2344 2438 2445 2501 ita
2480 2436 2766 2501 foenera-

541 2543 670 2619 tur,
691 2546 769 2603 ut
785 2559 872 2605 ea
893 2539 1112 2621 magis
1141 2537 1214 2603 id
1239 2558 1390 2603 esse
1423 2538 1608 2621 quod
1638 2556 1877 2603 revera
1904 2545 2065 2603 sunt
2091 2538 2482 2620 videantu13
2524 2542 2761 2603 tamet-

543 2641 604 2705 si
624 2641 738 2705 ille
765 2660 968 2725 super
1013 2641 1166 2705 haec
1211 2640 1446 2707 omnia
1493 2641 1803 2718 emineat,
1847 2647 1920 2705 et
1952 2640 2429 2726 propemodum
2474 2641 2562 2705 ab
2610 2640 2765 2723 ipso

543 2741 870 2827 quicquid
911 2742 1156 2807 habent
1219 2760 1560 2807 assumere
1620 2741 1999 2807 credantur.
2088 2742 2333 2825 Nugas
2390 2760 2585 2824 agere
2628 2740 2765 2805 ele-

542 2851 778 2925 gantes
803 2862 954 2908 eum
973 2843 1240 2926 puellis,
1265 2850 1383 2908 aut
1402 2843 1622 2907 levius
1639 2844 1893 2907 incerta
1910 2844 2156 2908 amoris
2176 2848 2453 2909 tractare
2472 2842 2623 2927 quis
2641 2860 2763 2907 un-

545 2959 750 3026 quam
771 2943 1140 3025 juvenilius
1165 2942 1403 3007 didicit
1423 2944 1453 3005 ‘l
1503 2942 2075 3027 Metamorphosis
2100 2948 2245 3009 tota
2264 2945 2484 3009 omnis
2506 2942 2763 3027 generis

543 3044 897 3127 solidaque
935 3043 1311 3108 eruditione
1357 3048 1598 3121 scatet,
1646 3044 1835 3107 nulla
1860 3048 2050 3127 parte
2077 3044 2471 3128 eloquenfiae
2499 3044 2765 3109 lumini-

541 3145 674 3211 bus
701 3164 836 3211 non
861 3144 1222 3211 illustrata.
1313 3145 1631 3230 Namque
1660 3146 1744 3211 de
1784 3146 2107 3227 industria
2134 3146 2763 3228 artificiosissimam

545 3246 808 3313 fabulas
825 3246 1260 3313 diversissimi
1280 3248 1643 3331 argumenti
1669 3249 1836 3313 inter
1866 3268 1941 3313 se
1961 3248 2390 3313 connectendi
2417 3248 2760 3327 rationem,

545 3349 746 3433 quasi
791 3349 1000 3414 unica
1026 3350 1302 3415 materia
1327 3356 1570 3429 essent,
1597 3370 1733 3416 non
1774 3352 1917 3416 sine
1946 3370 2152 3416 causa
2179 3358 2529 3434 praetereo,
2563 3367 2763 3433 quam

543 3450 766 3515 nullus
799 3453 966 3517 satis
993 3451 1373 3531 admiretur,
1402 3452 1535 3517 nisi
1573 3453 1727 3537 ipse
1753 3473 1823 3518 re
1848 3452 2009 3537 ipsa
2048 3452 2482 3537 cognoverits
2535 3448 2765 3529 Quare

543 3556 610 3617 et
648 3550 877 3617 Graeci
917 3552 1079 3635 ipsi,
1119 3552 1492 3619 fabularum
1531 3554 1849 3633 artificeS,
1901 3554 2305 3619 luculentum
2342 3552 2507 3617 illud
2534 3571 2764 3617 nume-

543 3654 773 3738 risque
817 3654 962 3719 suis
1005 3654 1585 3721 absolutissimum
1626 3675 1803 3740 opus
1853 3654 2185 3719 Romanis
2212 3672 2347 3717 non
2386 3652 2765 3719 inviderunt

543 3756 771 3834 modo,
797 3756 918 3819 sed
945 3757 1258 3823 versibus
1298 3759 1438 3823 suis
1485 3778 1683 3823 suum
1723 3758 2041 3821 fecerunt.
2130 3752 2329 3819 Unde
2356 3760 2421 3818 et
2450 3773 2599 3833 noe,
2628 3772 2761 3837 quo

547 3856 770 3935 simul,
811 3863 879 3922 et
926 3858 1126 3941 quasi
1153 3879 1291 3925 nno
1335 3862 1572 3926 obtutu
1602 3860 1841 3925 mirum
1882 3857 2231 3923 artificium
2282 3855 2483 3921 totius
2536 3856 2761 3939 operis

543 3965 778 4043 posset
820 3960 1314 4045 comprehendi,
1359 3963 1446 4026 ab
1491 3961 1689 4025 initio
1746 3960 1969 4023 statim
2028 3956 2405 4023 fabularum
2467 3956 2759 4022 omnium

545 4060 970 4131 exhibuimus
1011 4068 1420 4145 argumenta.
1509 4062 1590 4126 In
1648 4062 1873 4127 Fastis
1916 4078 2095 4138 vero,
2158 4078 2363 4144 quam
2428 4058 2653 4140 prisca
2694 4060 2763 4121 et

547 4181 752 4246 quam
793 4169 990 4231 vasta
1017 4162 1332 4232 eruditio!
1424 4163 1735 4243 Dixerim
1762 4161 1963 4229 facile
2000 4180 2089 4227 ex
2128 4160 2439 4227 omnibus
2463 4162 2761 4223 veterum
