3217 4946
616 382 749 447 306
1255 414 1265 424 ·
1358 401 1422 449 P.
1468 398 1712 448 ovum
1760 396 2085 446 NAsoms

1210 858 1671 936 EPISTO
1691 860 1836 934 LA
1919 858 2228 933 XVIII.

1140 1146 1706 1213 LEANDER
1816 1147 2304 1212 HERONI.

1450 1419 1991 1470 ARGUMENTUM.

624 1562 1170 1613 ΗΒιιειΡοκτιΑουΜ
1200 1572 1341 1607 mare
1378 1562 1577 1621 septem
1619 1564 1820 1606 tautum
1858 1555 2039 1605 stadiis
2081 1558 2340 1619 Europam
2361 1555 2426 1605 ab
2450 1553 2574 1605 Asia
2609 1554 2818 1607 dividit.

688 1644 863 1692 Sestos
885 1641 937 1690 in
960 1642 1186 1703 Europa,
1224 1640 1399 1689 Herus·
1418 1638 1608 1702 patria,
1641 1645 1697 1688 et
1717 1637 1930 1701 Abydos
1965 1638 2018 1687 in
2046 1636 2182 1699 Asia,
2205 1653 2270 1686 ex
2301 1653 2404 1701 qna
2434 1636 2535 1687 fuit
2564 1638 2822 1698 Leander,

690 1723 920 1772 adversas
954 1721 1106 1771 nrbes
1142 1727 1276 1769 sunt.
1358 1720 1487 1768 Cum
1520 1727 1695 1769 autem
1733 1718 1975 1767 Leander
2006 1717 2292 1781 Abydenus
2333 1719 2550 1768 Sestiam
2595 1720 2816 1782 poenam

689 1802 834 1852 Hero
854 1802 1041 1851 misere
1063 1801 1350 1864 deperiret,
1375 1815 1469 1862 per
1494 1800 1894 1862 Heilespontum
1915 1807 2071 1847 noctu
2107 1798 2170 1847 ad
2202 1814 2312 1848 eam
2335 1806 2514 1847 natare
2541 1814 2818 1850 consueve-

690 1890 787 1929 rat.
852 1881 953 1930 Sed
972 1880 1126 1928 maris
1160 1886 1476 1942 tempestate
1500 1879 1831 1938 interclusus,
1858 1878 1968 1941 jam
2004 1878 2287 1940 praeteritis
2307 1885 2506 1941 septem
2529 1877 2734 1939 diebus,
2747 1878 2818 1930 ad

687 1961 903 2009 amicam
942 1959 1104 2018 Hero,
1143 1972 1235 2021 per
1271 1957 1521 2006 audacem
1556 1962 1762 2005 nautam
1803 1971 1863 2004 ea
1903 1962 2217 2017 tempestate
2250 1956 2436 2005 Seston
2469 1956 2820 2019 navigantem,

688 2038 823 2089 lianc
846 2038 1116 2103 epistolam
1142 2038 1305 2087 misit:
1342 2038 1391 2085 in
1410 2052 1516 2100 qua
1549 2038 1768 2101 primum
1809 2043 2032 2085 amorem
2066 2051 2213 2085 suum
2247 2035 2448 2086 fimum
2487 2044 2542 2086 et
2577 2036 2820 2088 stabilem

690 2134 807 2169 esse
827 2119 1085 2169 ostendit:
1122 2118 1309 2166 deinde
1344 2116 1596 2182 queritur,
1635 2118 1773 2182 quod
1803 2118 2020 2166 natandi
2041 2116 2265 2166 facultas
2288 2119 2354 2167 ob
2389 2118 2820 2170 ferventissimum

686 2200 843 2254 maris
862 2207 1044 2250 aestum
1064 2200 1111 2248 ei
1132 2199 1201 2247 sit
1226 2198 1429 2247 ablata:
1466 2196 1670 2246 demum
1695 2212 1815 2247 vero
1851 2197 2128 2261 pollicetur
2150 2213 2205 2248 se
2247 2199 2392 2249 brevi
2431 2206 2728 2249 venturum:
2766 2206 2822 2250 et

690 2282 923 2345 quamvis
944 2294 1084 2330 mare
1106 2295 1205 2330 non
1228 2277 1384 2329 fuerit
1409 2279 1761 2343 tranquillum,
1781 2295 1836 2328 se
1857 2287 2026 2329 tamen
2050 2279 2293 2341 periculis
2317 2280 2486 2342 potius
2502 2280 2662 2328 vitam
2681 2294 2824 2329 suam

691 2360 1100 2424 commissurum,
1134 2374 1287 2425 quam
1324 2360 1460 2422 illius
1489 2358 1866 2422 jucundissimo
1899 2365 2182 2423 conspectu
2217 2368 2374 2423 atque
2410 2360 2668 2426 colloquio
2691 2358 2822 2409 cari-

646 2489 651 2494 .
693 2446 881 2493 turum.

628 2600 743 2686 M
749 2640 955 2688 rr'rl'r
984 2615 1379 2709 Abydenus,
1412 2643 1614 2708 quam
1640 2623 1862 2688 mallet
1894 2622 2087 2701 serre,
2121 2625 2430 2707 salutem,

715 2726 789 2790 Si
819 2727 1023 2792 cadat
1048 2728 1149 2792 ira
1175 2728 1403 2804 maris,
1440 2727 1635 2791 Sesta
1661 2725 1907 2808 puella,
1939 2726 2086 2790 tibi.

694 2907 864 2956 Puella
884 2905 1040 2970 Secta,
1062 2906 1316 2970 Abydenus
1336 2909 1491 2958 mittit
1526 2907 1616 2958 tibi
1635 2908 1852 2972 salutem,
1891 2924 2029 2972 quam
2043 2914 2329 2974 praeoptoeret
2360 2908 2515 2974 ferre,
2545 2910 2588 2960 si
2621 2912 2826 2975 impetus

1815 3035 1903 3055 'O'

687 3117 720 3162 2
756 3114 843 3162 Ira
864 3111 983 3165 And.
1006 3119 1057 3164 2.
1080 3121 1136 3166 et
1158 3117 1227 3168 ai.
1252 3117 1401 3167 editt.
1438 3118 1563 3168 item
1598 3119 1700 3168 Gn.
1721 3107 1930 3166 omnes:
1969 3118 2118 3178 vulgo
2141 3119 2285 3166 unda.
2341 3117 2448 3167 Pro
2485 3118 2664 3181 primis
2701 3118 2828 3167 duo-

635 3175 731 3226 bus
755 3179 986 3228 versibus
1009 3189 1259 3244 excerpta
1281 3181 1349 3230 D.
1373 3181 1689 3231 exhibebant
1712 3183 1891 3230 hosce:
1931 3183 2084 3236 Quam
2099 3197 2311 3244 euperem
2331 3183 2510 3244 solitas,
2548 3183 2701 3242 Hero,
2733 3184 2825 3231 eibi

622 3241 759 3300 serre
774 3256 861 3305 per
880 3243 1048 3304 undas,
1080 3245 1256 3306 Accipe
1288 3246 1514 3304 Leandri,
1546 3249 1655 3294 dum
1677 3246 1806 3294 teuit
1829 3246 1946 3308 ipse,
1983 3261 2198 3294 manum.-
2231 3247 2336 3295 Me.
2377 3247 2508 3294 alter
2548 3255 2603 3296 et
2639 3249 2732 3297 hos
2768 3256 2826 3296 et

628 3306 743 3354 illos
764 3307 1017 3370 agnoscit.
1083 3308 1192 3356 Pro
1218 3310 1351 3357 Sesta
1378 3309 1557 3358 Heius.
1595 3311 1705 3358 vult
1731 3309 1879 3370 Sesti,
1913 3310 2042 3358 utin
2065 3309 2234 3374 Epist.
2262 3323 2353 3359 xv·
2395 3314 2505 3358 100.
2539 3311 2694 3360 Lesbi.
2757 3310 2824 3360 In

626 3369 702 3420 D.
726 3385 836 3422 exc.
857 3377 1119 3436 praeterea
1142 3372 1413 3436 subjicitur
1439 3374 1662 3424 alterum
1687 3373 1973 3424 distichon:
2009 3375 2184 3437 Aptior
2207 3375 2289 3422 issa
2315 3374 2500 3460 quidem·
2528 3375 2716 3437 placido
2738 3377 2824 3425 dat

693 3629 720 3673 1
771 3626 1046 3694 Abydenus]
1096 3631 1347 3698 Leander,
1388 3649 1453 3684 ex
1494 3634 1683 3698 Abydo
1766 3634 1902 3684 aliud
1919 3635 2132 3698 hujusce
2148 3633 2471 3685 formationis
2488 3648 2669 3684 nomen
2685 3635 2824 3686 haud

626 3699 775 3750 urbe·
1765 3709 1922 3759 facile
1945 3711 2193 3760 invenias.
2258 3711 2445 3770 Statio,
2478 3711 2620 3759 Hero
2642 3710 2826 3760 Sestias

692 3776 887 3840 M‘llm]
959 3781 1109 3830 Mam
1154 3785 1333 3834 melius
1370 3787 1435 3834 nd
1471 3787 1684 3838 verbum
1768 3785 1987 3846 dicitur3
2037 3799 2186 3850 quam
2225 3785 2430 3836 Sestium
2464 3785 2615 3834 etiam
2653 3787 2826 3835 analo·

627 3867 847 3918 sequens
864 3857 1001 3904 cadat
1027 3859 1385 3920 responderet.
1767 3861 1880 3921 gice
1917 3860 2128 3911 dixeris.
2213 3862 2451 3911 Ceterum
2489 3863 2540 3909 in
2581 3861 2823 3911 Puteano

692 3935 723 3979 2
774 3931 833 3980 Si
868 3931 1028 3994 cadat]
1072 3935 1124 3982 Si
1158 3933 1343 3984 fluctus
1380 3937 1553 4000 maris,
1593 3951 1684 3986 seu
1767 3935 1964 3999 codice,
2006 3951 2158 3986 manu
2213 3939 2502 3988 recentiore
2557 3938 2827 4000 legebatur

626 4009 913 4069 tempestas
935 4007 1115 4058 sedata
1137 4007 1309 4058 fuerit.
1765 4011 1859 4060 hoc
1901 4011 2184 4072 distichum
2235 4013 2382 4076 cujus
2419 4015 2531 4061 loco
2569 4025 2824 4076 excerpta

692 4080 851 4143 Sesto]
885 4083 1067 4134 Mallet
1092 4085 1229 4135 Clar.
1264 4086 1523 4149 Heinsius,
1544 4087 1685 4150 Sesti,
1763 4089 1978 4152 Dousae,
2000 4090 2016 4116 ‘
2038 4092 2204 4142 Quam
2228 4105 2468 4154 cuperem
2492 4091 2692 4150 solitus,
2715 4091 2826 4140 He·

626 4153 761 4203 sicut
783 4156 905 4205 alibi
928 4159 1090 4224 Lesbi,
1102 4161 1145 4210 si
1166 4174 1255 4223 per
1272 4161 1509 4225 antiquos
1526 4162 1684 4214 libros
1762 4178 1838 4227 ro,
1851 4165 1940 4214 tibi
1962 4165 2098 4216 ferre
2122 4180 2216 4231 per
2237 4165 2416 4228 undas,
2434 4165 2638 4232 Accipe
2659 4169 2821 4219 Lean-

640 4231 826 4283 ioeret.
890 4233 1013 4284 Non
1048 4235 1302 4286 immerito
1336 4243 1516 4302 certe;
1562 4252 1682 4289 nam
1761 4241 1862 4306 dri,
1885 4241 2007 4294 dum
2023 4243 2167 4294 venit
2185 4243 2314 4308 ipse,
2333 4244 2572 4296 manum?
