3217 4946
605 381 693 447 24
1339 397 1400 445 r.
1446 396 1691 444 ovum
1742 395 2065 446 Nasoi-us

603 539 790 624 apud
817 539 1028 606 Getas
1065 538 1242 606 diem
1268 539 1453 604 obiit.
1542 540 1651 604 Ex
1705 559 1837 623 quo
1865 539 2215 622 colligitur,
2246 539 2559 606 exulasse
2592 557 2797 605 annos

605 648 761 707 octo
810 648 877 706 et
912 661 1175 706 menses
1227 641 1504 724 aliquot.
1592 641 1941 726 Sepultum
1985 641 2186 706 etiam
2224 641 2427 726 juxta
2470 640 2794 726 oppidum

603 744 858 812 Tomos
886 745 1085 814 tradit
1109 743 1468 812 Eusebius.

997 1581 1087 1660 P.
1142 1581 1506 1662 OVIDII
1569 1584 2053 1663 NASONIS
2099 1583 2388 1674 VITA,

461 1893 472 1904 ⁰
597 1809 704 1876 Ex
729 1823 964 1880 vetusto
993 1815 1190 1881 codice
1223 1815 1559 1904 Pomponii
1585 1813 1771 1894 Laeti,
1828 1816 2001 1902 cnjus
2040 1815 2465 1904 apographum
2508 1825 2677 1881 extat
2721 1817 2788 1881 in

1323 1948 1630 2016 Vaticana
1665 1949 2069 2015 Bibliotheca.

678 2163 762 2229 P.·
810 2165 1141 2232 Ovrmus
1190 2165 1404 2230 NAso
1451 2183 1514 2231 a.
1545 2165 1614 2231 d.
1670 2181 1815 2230 xn.
1867 2165 2029 2230 Kal.
2082 2163 2297 2250 April.
2348 2165 2663 2232 Sulmone
2720 2167 2790 2232 in

589 2265 894 2349 Pelignis
919 2271 1113 2332 natus
1157 2273 1301 2332 est:
1349 2287 1482 2351 quo
1511 2286 1683 2332 anno
1710 2267 1890 2333 bello
1922 2265 2289 2332 Mutinensi
2316 2266 2400 2331 Ρ.
2430 2267 2695 2333 Hirtius
2722 2274 2789 2334 et

585 2367 667 2432 G.
699 2366 928 2433 Pansa
955 2367 1158 2436 Coss.
1197 2368 1372 2434 diem
1415 2368 1664 2434 obiere.
1752 2367 2149 2434 Honoribus
2181 2368 2419 2435 Romae
2464 2369 2779 2438 functus-1

577 2467 709 2535 fuit
734 2469 908 2533 enim
937 2467 1174 2533 arbiter
1205 2473 1274 2533 et
1297 2468 1617 2545 triumvir,
1648 2475 1716 2533 et
1747 2467 2079 2554 judicium
2107 2467 2277 2533 inter
2304 2476 2570 2534 centum
2596 2471 2780 2537 viros

581 2569 778 2635 dixit.
865 2569 1009 2635 Sub
1076 2569 1302 2635 Plotio
1354 2568 1618 2653 Grippo
1680 2568 1888 2635 literis
1930 2569 2264 2635 eruditus:
2309 2569 2551 2636 deinde
2596 2572 2784 2655 apud

583 2668 983 2739 Marcellum
1018 2670 1318 2737 Fuscum
1366 2670 1751 2750 Rhetorem,
1800 2670 1993 2757 cujus
2043 2670 2307 2737 auditor
2324 2671 2478 2750 fuit,
2530 2675 2785 2757 optime

581 2772 1002 2842 declamavit.
1090 2774 1482 2839 Admirator
1545 2774 1899 2857 plurimum
1966 2774 2196 2839 Porcii
2262 2774 2570 2839 Latronis
2634 2774 2782 2856 fuit,

579 2893 784 2959 quem
828 2876 996 2940 adeo
1037 2876 1338 2941 studiose
1389 2873 1673 2952 audivit,
1716 2879 1791 2938 ut
1831 2874 2073 2939 multas
2115 2874 2261 2960 ejus
2284 2877 2664 2941 sententias
2706 2877 2779 2941 in

579 2994 813 3040 versus
861 2994 1022 3040 suos
1069 2976 1493 3040 transtulerit.
1585 2974 1818 3040 Bonus
1838 2980 1852 2995 ’
1868 2974 2271 3040 declamator
2299 2982 2366 3040 et
2392 2976 2778 3059 ingeniosus

576 3076 845 3142 habitus
871 3081 998 3154 est,
1048 3083 1118 3140 et
1161 3074 1450 3141 carmine
1477 3092 1683 3159 prosa
1728 3076 1999 3141 licenter
2044 3074 2334 3159 scripsit,
2381 3078 2625 3161 ingenii
2672 3079 2780 3144 sui

575 3177 744 3243 adeo
773 3186 1046 3257 amator,
1069 3185 1142 3244 ut
1167 3196 1258 3242 ex
1283 3178 1372 3243 iis
1402 3194 1556 3261 quse
1597 3175 1797 3255 dixit,
1824 3176 2025 3241 etiam
2052 3178 2487 3261 precantibus
2516 3180 2776 3258 amiciS,

573 3278 742 3344 nihil
792 3280 1172 3345 mutaverit.
1261 3279 1347 3342 In
1395 3278 1801 3343 carminibus
1849 3277 2019 3343 vitia
2056 3296 2181 3343 sua
2236 3298 2374 3344 non
2420 3280 2771 3363 ignoravit,

577 3378 702 3445 sed
753 3380 1031 3447 amavit.
1121 3378 1442 3445 Militavit
1493 3380 1625 3445 sub
1672 3376 1773 3443 Μ.
1816 3375 2138 3445 Varrone.
2224 3380 2273 3444 J
2278 3381 2413 3447 ulio
2462 3380 2775 3447 Graecino

575 3480 1032 3547 Grammatico
1059 3479 1430 3547 familiaris.
1515 3478 1819 3545 Tandem
1840 3500 1991 3547 cum
2019 3481 2314 3547 venisset
2340 3483 2413 3545 in
2440 3482 2776 3565 suspicio-

572 3600 728 3648 nem
752 3579 1064 3665 Augusti,
1093 3583 1382 3648 creditus
1409 3582 1537 3649 sub
1561 3584 1827 3649 nomine
1856 3581 2167 3649 Corinnae
2196 3602 2463 3649 amasse
2484 3584 2537 3648 J
2539 3584 2771 3662 uliam,

573 3683 644 3749 in
688 3684 962 3749 exilium
1017 3686 1263 3751 missus
1325 3690 1466 3767 est3
1530 3685 1829 3753 exulavit
1870 3684 2134 3765 Tomis,
2198 3684 2426 3769 ibique
2488 3686 2773 3753 decessit

575 3802 816 3853 anuum
843 3804 1048 3871 agens
1079 3802 1212 3853 Lx.
1241 3786 1704 3859 novissimum.
