3217 4946
797 375 1270 431 'rnsrruouu
1317 377 1412 428 εἰ·
1453 377 1765 430 sumen
1814 381 1913 431 nn
1958 383 2245 432 ovimo.
2546 365 2634 432 27

431 525 654 592 Etiam
681 541 882 590 orsus
905 525 1148 590 librum
1175 524 1260 590 de
1285 523 1462 590 bello
1491 523 1804 604 Actiaco,
1830 530 1897 590 et
1922 525 2219 591 libellum
2246 525 2475 608 lingua
2496 523 2633 590 Ge-

429 629 592 707 tica,
623 627 708 692 de
737 647 872 711 quo
903 629 1002 692 sic
1033 629 1182 710 ipse
1207 627 1329 691 lib.
1365 645 1464 690 iv.
1493 648 1582 691 ex
1607 627 1827 694 Ponto
1852 631 2019 710 eleg.
2048 629 2160 692 13.

685 727 1069 812 Ali-pudet:
1113 734 1178 792 et
1205 727 1448 793 Getico
1477 729 1722 812 scripsi
1750 747 2047 794 sermone
2073 729 2394 806 libellum,
2426 713 2435 722 ’

773 831 1173 913 Str-uotaque
1203 836 1356 896 suut
1383 833 1631 895 nostris
1660 832 1945 895 barbara
1970 832 2179 896 verba
2204 830 2443 898 modis.

687 931 778 997 Et
803 929 1076 1017 placui3
1121 940 1374 1015 gratare
1401 933 1588 1011 mihi,
1620 933 1931 1018 coepique
1960 931 2177 1015 poiitae

776 1034 958 1100 Inter
983 1035 1368 1099 inhumanos
1403 1053 1641 1098 nomen
1666 1033 1907 1098 hahere
1936 1033 2187 1112 Getas3

689 1135 1048 1202 Materiam
1077 1139 1323 1221 quaeris
1339 1139 1370 1201 'l
1413 1136 1651 1202 landes
1676 1136 1761 1200 de
1790 1134 2061 1202 Caesare
2088 1133 2258 1215 dixi,

775 1235 1024 1320 Adjuta
1051 1245 1156 1303 est
1183 1239 1452 1303 novitas
1479 1241 1743 1302 numine
1768 1245 1991 1303 nostra
2020 1237 2175 1302 Dei.

691 1337 871 1403 Nam
897 1342 1112 1422 patris
1140 1340 1426 1422 Augusti
1457 1339 1656 1406 docui
1690 1339 1971 1405 mortale
1999 1338 2211 1404 fuisse

773 1437 1076 1525 Corpus:
1119 1444 1192 1506 in
1221 1443 1542 1508 aetherees
1571 1461 1811 1507 numen
1842 1443 2065 1506 abisse
2094 1441 2355 1506 domos.

693 1539 868 1606 Esse
889 1559 1116 1624 parem
1150 1544 1384 1608 virtute
1411 1545 1615 1627 patri,
1641 1544 1759 1627 qui
1782 1542 1999 1608 fraena
2024 1550 2293 1624 rogatus

776 1643 978 1726 Saepe
1007 1645 1294 1709 recusati
1327 1645 1611 1728 coeperit
1636 1645 1917 1728 imperii.

431 1741 628 1810 Unde
679 1743 894 1827 liquet
951 1747 1300 1829 scripsisse
1347 1743 1625 1811 Tiberio
1680 1748 2073 1830 imperante,
2126 1763 2411 1830 cumque
2462 1745 2639 1810 adeo

425 1847 648 1911 facilis
677 1846 826 1929 ejus
853 1843 1062 1914 dictio
1087 1847 1414 1928 videatur,
1445 1849 1725 1914 subinde
1774 1853 1995 1912 tamen
2020 1849 2329 1926 occurrit,
2376 1846 2495 1910 ubi
2542 1847 2633 1911 ob

427 1947 883 2032 trajectionem
929 1950 1278 2014 verborum
1337 1948 1767 2014 duriusculos
1816 1949 2121 2014 dicatur:
2186 1953 2262 2014 ut
2314 1967 2471 2014 cum
2532 1949 2633 2014 sic

430 2048 674 2132 incipit
698 2048 906 2112 libros
933 2046 1017 2113 de
1048 2054 1186 2113 arte
1213 2050 1520 2115 amandi:

691 2148 768 2213 Si
797 2149 950 2230 quis
977 2149 1049 2213 in
1072 2149 1200 2214 hoc
1232 2153 1438 2215 artem
1465 2151 1722 2235 populo
1754 2169 1889 2214 non
1916 2149 2103 2216 novit
2131 2149 2425 2214 amandi.

432 2247 752 2314 Maluerit
791 2249 1078 2332 aliquis:

653 2389 656 2392 -
691 2349 948 2434 Siquis
977 2351 1044 2415 in
1071 2349 1202 2414 hoc
1225 2351 1480 2434 populo
1501 2349 1712 2434 legem
1740 2369 1875 2416 non
1902 2352 2095 2416 novit
2124 2350 2420 2415 amandi.

435 2449 540 2517 Ac
566 2449 715 2535 ipse
759 2449 890 2516 hoc
933 2447 1221 2529 mallem,
1253 2449 1314 2516 si
1343 2449 1494 2537 legis
1518 2451 1857 2517 vocabulo
1886 2450 2044 2515 artis
2072 2467 2305 2516 nomen
2333 2450 2495 2517 satis
2520 2467 2641 2515 ex·-

431 2554 841 2637 primeretur.
929 2548 1167 2618 Eidem
1193 2552 1409 2617 multa
1445 2551 1627 2615 falso
1676 2554 2012 2630 attributa,
2032 2558 2109 2617 ut
2134 2570 2397 2617 carmen
2426 2550 2641 2615 Pane·-

431 2654 727 2738 gyricum
767 2652 854 2719 ad
884 2653 1226 2732 Pisonem,
1274 2654 1467 2737 cujus
1493 2652 1566 2715 in
1597 2649 1783 2715 Meto
1811 2651 1961 2715 hoec
1991 2652 2361 2733 inscriptio,
2398 2646 2643 2713 Lucani

441 2752 803 2820 Catalecton
833 2740 907 2819 de
937 2751 1121 2819 laude
1155 2752 1428 2819 Pisonis.

521 2856 852 2935 Quaedam
879 2858 1081 2922 etiam
1111 2858 1455 2922 deterioris
1482 2861 1685 2931 notae,
1714 2860 1791 2920 ut
1819 2852 2252 2919 Grammatici
2283 2850 2639 2936 cujusdam

433 2954 798 3023 Christiani
847 2955 1242 3037 Philomela,
1292 2956 1460 3022 alius
1509 2956 1668 3021 item
1715 2954 1961 3033 Poleat,
2009 2958 2078 3019 et
2120 2952 2255 3020 alia
2304 2954 2638 3038 quaedam.

433 3044 687 3142 Aliqua
709 3076 870 3123 vero
896 3055 1232 3123 hominum
1279 3064 1438 3123 sunt
1483 3076 1604 3123 nec
1630 3056 2047 3122 mediocriter
2092 3055 2525 3135 eruditorum,
2566 3057 2641 3121 in

433 3154 542 3223 his
569 3158 725 3224 libri
768 3166 908 3224 tres
940 3159 1027 3223 de
1055 3158 1326 3236 Vetula,
1375 3160 1600 3223 minus
1650 3156 1856 3223 etiam
1888 3156 2204 3222 Ovidium
2254 3156 2640 3237 referentes,

433 3278 636 3344 quam
679 3260 917 3326 simius
970 3260 1326 3325 hominem.
1415 3258 1566 3326 Nec
1618 3261 1706 3325 ab
1760 3258 2039 3324 insulsis
2086 3258 2377 3324 librariis
2405 3258 2639 3325 Ovidii

433 3378 585 3426 esse
611 3380 854 3427 nomen
881 3362 1287 3446 impositum,
1307 3360 1428 3426 sed
1459 3362 1784 3446 scriptore
1810 3360 1963 3445 ipso
1982 3360 2241 3427 indicat
2257 3359 2387 3425 hoc
2408 3360 2524 3425 lib.
2549 3376 2631 3426 ιι.

1103 3465 1125 3481 ·
1207 3464 1272 3528 in
1299 3482 1510 3528 novas
1537 3465 1791 3529 formas

954 3562 1259 3648 Corpora
1284 3570 1576 3629 mutatas
1608 3562 1854 3630 cecini.

438 3660 526 3727 Et
553 3660 671 3728 lib.
698 3677 812 3730 ιη.

1037 3764 1305 3835 memini
1333 3764 1558 3830 dicens
1581 3764 1730 3832 haec
1763 3763 1847 3829 de
1866 3762 2043 3830 Jove
2072 3764 2273 3831 verba

693 3862 866 3930 Esse
893 3884 1154 3951 quoque
1181 3867 1252 3929 in
1280 3866 1436 3931 fatis
1463 3866 1908 3931 reminiscitur
1933 3866 2138 3931 affore
2168 3872 2458 3949 tempuS,

697 3960 855 4045 Quo
885 3984 1091 4045 mare,
1123 3988 1256 4051 quo
1285 3969 1504 4045 tellus,
1536 3976 1974 4051 correptaque
2006 3970 2193 4049 regia
2220 3966 2383 4035 coeli

699 4066 972 4149 Ardent,
1000 4075 1068 4135 et
1093 4069 1324 4135 mundi
1349 4070 1565 4135 moles
1591 4086 1875 4155 operose
1900 4068 2183 4134 laboret.
