3217 4946
607 377 696 443 23
1227 389 1694 441 ‘rasrmonm
1743 389 1835 437 ιιι·
1877 387 2188 440 sument

610 537 786 616 Quae
811 543 962 602 sunt
987 556 1075 600 ex
1096 535 1214 600 lib.
1239 551 1284 598 1.
1303 535 1576 599 Metam.
1603 533 1803 598 etiam
1823 533 2115 615 loquitur
2134 533 2391 613 postea,
2413 529 2607 613 quasi
2634 528 2802 596 inter

607 637 814 704 Getas
844 637 1129 718 degeret,
1157 656 1238 701 ac
1268 635 1516 714 subdit,

734 737 915 802 Nam
944 738 1262 820 quoniam
1290 736 1572 802 reditum
1601 735 1763 801 mihi
1784 735 1931 820 jam
1960 753 2225 819 sperare
2253 739 2564 816 negatum
2592 737 2697 797 est

505 903 512 910 .
733 838 918 923 Opto
947 841 1132 903 mori.

603 938 778 1005 Vide
822 946 1060 1005 autem·
1092 941 1446 1006 stultitiam
1477 938 1829 1004 Poetastri.
1916 937 2135 1002 Etiam
2185 937 2499 1002 Ovidium
2547 934 2799 1000 inducit

602 1042 996 1126 loquentem,
1028 1044 1220 1126 quasi
1245 1041 1677 1124 Evangelium
1700 1040 1999 1114 vidisset,

689 1169 702 1180 ·
770 1143 998 1226 Hujus
1029 1142 1361 1207 cultorem
1389 1163 1496 1208 me
1526 1144 1918 1228 repromitto
1947 1142 2265 1218 futurum,

781 1246 957 1309 Dum
985 1252 1204 1309 tamen
1233 1245 1380 1328 ipse
1409 1245 1643 1322 trahat,
1674 1247 1834 1328 quia
1862 1245 1921 1308 si
1948 1262 2074 1307 non
2103 1241 2403 1316 traxerit,
2431 1239 2565 1322 ipsi

767 1346 986 1410 Nemo
1016 1347 1278 1430 placere
1307 1351 1548 1428 potest,
1571 1352 1639 1411 et
1667 1344 1753 1409 ad
1781 1346 2003 1428 ipsum
2034 1363 2227 1407 nemo
2261 1343 2503 1405 venire.

595 1444 821 1511 Ovidii
852 1447 936 1511 de
965 1449 1186 1512 vetula
1209 1447 1558 1512 meminere
1576 1447 2037 1516 Theodericus
2064 1445 2150 1509 de
2180 1443 2381 1508 Niem
2408 1443 2477 1505 in
2496 1439 2789 1505 Nemore

594 1548 849 1611 unionis
877 1555 1066 1614 tract.
1089 1565 1194 1613 vi.
1227 1569 1373 1632 cap.
1413 1550 1518 1614 38.
1550 1555 1617 1614 et
1645 1549 2037 1615 Gobellinus
2066 1546 2373 1610 Persona
2398 1543 2469 1606 in
2508 1541 2789 1606 Cosmo·

593 1647 851 1714 dromio
881 1655 1098 1716 aetatis
1127 1667 1240 1715 111.
1271 1669 1424 1735 cap.
1447 1651 1552 1715 16.
1572 1658 1641 1714 et
1670 1656 1847 1715 aetat.
1870 1667 1967 1712 ιν.
2000 1667 2147 1730 cap.
2172 1649 2275 1710 10.
2305 1644 2603 1708 meminit
2624 1661 2789 1727 quo-

592 1769 742 1831 que,
774 1751 888 1814 sed
934 1759 1008 1815 ut
1047 1753 1343 1834 suspecti
1387 1751 1739 1834 scriptoris
1792 1749 2127 1814 Henricus
2159 1747 2243 1810 de
2293 1745 2672 1811 Hervordia
2714 1744 2785 1806 in

590 1849 915 1915 Saxonis:
943 1852 1010 1914 in
1029 1851 1306 1916 historia
1329 1851 1660 1935 Laurentii
1688 1849 1985 1928 Mulleri,
2008 1855 2203 1932 atque
2222 1847 2504 1912 exinde
2482 1865 2553 1911 ιιι
2576 1844 2787 1911 Glan-

587 1950 811 2032 dorpii
832 1948 1270 2015 Onomastico
1291 1931 1477 2031 legas
1497 1950 1846 2035 hodieque
1853 1957 2085 2016 extare
2107 1966 2337 2014 versus
2358 1953 2783 2013 monumento

584 2049 863 2116 Ovidii·
842 2053 1126 2117 incisos.
1173 2071 1324 2116 esse
1348 2073 1502 2118 vero
1528 2052 1935 2136 hujusmodi,

848 2152 987 2217 Hic
1017 2154 1188 2216 situs
1215 2159 1318 2217 est
1344 2159 1556 2230 vates,
1587 2172 1787 2235 quem
1811 2153 1975 2218 Divi
2002 2151 2337 2218 Caesaris
2318 2171 2419 2216 ira

930 2252 1218 2336 Augusti
1247 2254 1442 2319 Latia
1471 2254 1705 2318 cedere
1723 2255 1932 2338 jussit
1950 2255 2177 2319 humo.
2220 2267 2227 2275 '
2409 2319 2415 2324 ,

840 2357 1041 2440 Saepe
1067 2357 1272 2420 miser
1295 2356 1511 2421 voluit
1537 2357 1775 2439 patriis
1805 2358 2191 2422 occumbere
2220 2353 2434 2430 terris,

921 2457 1057 2522 Sed
1083 2457 1341 2535 frustra,
1370 2457 1542 2522 hunc
1570 2458 1667 2521 illi
1694 2458 1835 2521 fata
1866 2456 2099 2520 dedere
2125 2453 2367 2519 locum.

582 2557 834 2625 Verum
853 2560 1238 2644 neutiquam
1267 2560 1417 2623 heec
1441 2560 1709 2643 sapiunt
1736 2578 1957 2624 aevnm
1984 2556 2274 2639 Augusti
2298 2554 2411 2619 vel
2430 2551 2707 2618 Tiberii.

885 2709 1296 2788 Borrichius,
1324 2710 1406 2773 de
1436 2708 1666 2774 Poetis
1695 2708 2175 2773 Dissertatione
2205 2722 2254 2768 ι.
2284 2705 2340 2789 §.
2368 2702 2476 2769 21.

663 2827 745 2891 Ρ.
767 2827 1096 2893 Ovinius
1115 2826 1351 2904 Niso,
1379 2844 1604 2909 eques,
1636 2826 1858 2908 patria
1878 2822 2351 2898 SulmonensiS,
2374 2828 2573 2885 natus
2596 2836 2772 2887 anno

579 2930 672 2994 U.
697 2930 775 2993 C.
807 2944 1063 2992 nccxi.
1092 2928 1221 2991 boc
1249 2932 1373 3003 est,
1401 2927 1617 3009 primo
1662 2945 1707 2989 a
1744 2932 1949 2990 morte
1976 2924 2022 2989 J
2030 2914 2045 2987 ’.
2078 2922 2395 3000 Caesaris,
2434 2914 2771 3005 juveniles

577 3048 788 3096 annos
817 3031 884 3093 in
913 3028 1151 3093 studiis
1195 3032 1261 3091 et
1308 3028 1452 3091 foro
1498 3028 1654 3109 egit,
1702 3025 1822 3091 sed
1870 3025 2199 3111 paulatim
2248 3024 2336 3089 ad
2396 3042 2658 3088 amores
2702 3025 2769 3086 et

574 3149 806 3197 musas
832 3128 1226 3214 propensior
1264 3126 1554 3192 Romam
1585 3126 1934 3204 concessit,
1984 3125 2209 3209 ibique
2254 3125 2495 3207 ingenii
2532 3123 2766 3188 huma-

569 3232 799 3310 nitate,
827 3230 1167 3295 nobilitate
1193 3230 1474 3312 generis,
1491 3237 1562 3295 et
1592 3233 1935 3295 venustate
1960 3227 2271 3293 carminis
2296 3226 2525 3293 statim
2554 3225 2767 3311 coepit

569 3331 1019 3396 inclarescere.
1105 3328 1342 3406 Poeta,
1371 3330 1431 3393 si
1482 3331 1635 3412 quis
1663 3347 1980 3413 unquam,
2009 3328 2257 3407 facilis,
2308 3328 2597 3404 nativus,
2643 3346 2763 3391 ex-

459 3472 462 3475 -
569 3431 860 3515 peditus·
951 3431 1208 3495 Extant
1261 3430 1410 3495 libri
1460 3432 1604 3515 eJus
1657 3430 2013 3495 Fastorum
2072 3447 2172 3494 vl.
2228 3427 2417 3515 (nam
2486 3427 2763 3493 totidem

571 3528 858 3614 periere)
905 3530 1183 3612 antiqua
1231 3530 1588 3595 eruditione
1634 3536 1895 3614 patrum
1942 3530 2481 3612 Pontificumque
2510 3529 2763 3608 referti,

569 3633 816 3713 quibus
846 3648 999 3694 cum
1017 3630 1202 3693 Bart.
1222 3629 1619 3696 Morisottus
1648 3650 1777 3695 sex
1802 3631 1973 3695 alios
2003 3629 2089 3693 ad
2117 3629 2553 3713 supplendam
2570 3630 2758 3695 lacu·-

567 3752 723 3797 nam
771 3729 1108 3816 adjecerit,
1157 3732 1388 3796 mirum
1417 3738 1732 3816 quantum
1780 3751 1823 3795 a
1866 3732 2191 3797 suavitate
2223 3728 2519 3795 Nasonis
2564 3730 2759 3813 dege-

521 3922 524 3925 *
565 3838 762 3901 neret.
852 3831 1056 3910 Quod
1103 3832 1164 3896 si
1194 3834 1458 3913 genuini
1485 3852 1611 3897 sex
1652 3835 1724 3905 in
1752 3852 1924 3918 pago
1954 3851 2159 3917 prope
2190 3830 2461 3897 Ulmtim
2486 3832 2757 3897 delites-

567 3943 745 4012 cant,
801 3954 922 4001 ceu
969 3932 1289 3999 creditum
1337 3934 1675 4017 quondam
1722 3934 1903 3999 Celsi
1959 3934 2299 4013 Protacio,
2330 3953 2633 4017 magnam
2662 3936 2752 4003 ab

564 4035 832 4102 eruditis
867 4034 1061 4131 inibit
1083 4034 1388 4122 gratiam,
1418 4034 1534 4123 qui
1591 4042 1731 4105 tam
1776 4034 2069 4103 nobilem
2094 4032 2516 4103 Thesaurum
2551 4038 2751 4121 queat
