3217 4946
1033 393 1133 446 nn
1177 395 1246 445 ι’.
1290 393 1552 446 ονιυιο
1599 392 1928 446 Nason.
2492 373 2581 444 37

1239 539 1420 605 Ibid.
1439 559 1542 606 vs.
1565 539 1721 606 219.

461 669 748 740 Ovidius
787 671 1350 755 ingeniosissimus
1378 670 1765 750 Poetarum,
1808 676 2029 736 tamen
2071 689 2221 736 raro
2266 667 2577 737 cantissi-

373 795 548 842 mus-

509 848 517 856 ’
1209 891 1326 958 Ad
1352 893 1471 958 lib.
1519 893 1745 959 11.9·2.

463 1023 642 1090 Sane
713 1043 842 1107 ego
881 1023 1232 1090 Valerium
1306 1023 1631 1090 Flaccum
1686 1023 2141 1108 Argonautica
2182 1023 2576 1090 scribentem

369 1126 590 1209 legere
629 1127 832 1204 mulo,
863 1145 1066 1212 quam
1098 1127 1209 1192 vel
1237 1126 1561 1192 Ovidium
1589 1127 1698 1192 vel
1741 1125 2125 1210 Papinium,
2150 1143 2438 1208 quorum
2464 1126 2579 1192 ille

367 1233 636 1292 tenuem
677 1230 1018 1294 materiam
1041 1230 1330 1295 lascivia
1369 1230 1600 1314 ntique
1636 1228 1965 1294 violasset
2006 1231 2125 1292 aut
2165 1225 2577 1310 depndicas·

368 1333 492 1407 set,
521 1329 632 1396 bic
657 1329 1219 1414 magniloquentia
1247 1331 1699 1397 contrivisset.

1232 1505 1411 1572 Ibid.
1441 1525 1544 1572 vs.
1570 1504 1723 1571 212.

457 1637 686 1705 Famae
757 1639 1000 1704 domus
1068 1639 1592 1724 descriptionem
1661 1636 2260 1722 ingeniosissimam
2310 1633 2577 1721 (Meta-

367 1741 629 1824 morph.
657 1741 776 1808 lib.
817 1738 1000 1826 xn.)
1040 1761 1178 1825 qua
1217 1735 1599 1807 acutiorem'
1628 1745 1695 1806 et
1735 1741 2175 1842 venustiorem
2220 1737 2403 1804 nulla
2444 1757 2575 1824 ope

367 1841 674 1908 hnmanae
716 1843 955 1910 mentis
998 1841 1510 1927 excogitaveris.

1209 2018 1390 2085 Ibid.
1436 2039 1538 2085 vs.
1583 2018 1737 2084 172.

455 2149 637 2218 Mira
677 2153 1010 2219 suavitate
1073 2157 1141 2218 et
1203 2154 1536 2220 celeritate
1579 2151 1983 2231 inimitabili,
2034 2150 2153 2236 qui
2193 2155 2293 2216 est
2336 2149 2573 2232 genius

365 2249 820 2332 Nasonianus,
847 2253 1076 2320 fabula
1101 2253 1467 2338 reponitur.
1554 2253 1735 2320 Vide
1762 2259 1829 2318 et
1870 2253 1957 2319 ad
1996 2253 2115 2318 lib.
2148 2269 2258 2318 ιιι.
2286 2253 2440 2319 290.

1014 2427 1210 2494 Idem
1239 2429 1327 2495 ad
1352 2430 1470 2496 lib.
1501 2445 1613 2497 m.
1644 2449 1746 2497 vs.
1775 2431 1927 2498 192.

455 2560 542 2626 In
582 2560 850 2628 Niobes
890 2563 1457 2645 magniloquentia
1494 2582 1833 2647 poenaque
1876 2564 2345 2641 describendis,
2390 2564 2575 2647 seip-

364 2682 518 2728 sum
557 2664 725 2730 vicit
765 2662 1074 2742 Ovidius,
1121 2682 1318 2747 quem
1359 2664 1667 2745 suspicor
1718 2682 1853 2726 non
1894 2684 2115 2747 pauca
2154 2683 2243 2728 ex
2272 2664 2575 2747 Tragicis

366 2765 710 2847 sumsisse,
730 2764 932 2833 hodie
959 2784 1092 2831 non
1119 2764 1522 2841 extantibus,
1543 2781 1789 2846 magna
1816 2782 1967 2829 cum
1995 2771 2229 2828 nostra
2255 2763 2575 2832 dolentia.
2600 2864 2609 2873 .

1180 2939 1294 3005 Ad
1316 2940 1437 3005 lib.
1471 2956 1571 3005 ιν.
1600 2938 1754 3005 756.

454 3073 748 3140 Librarii
806 3094 943 3140 non
1003 3074 1220 3141 solum
1263 3074 1685 3157 tautologum
1724 3074 2026 3140 fecerunt
2068 3070 2409 3151 Ovidium,
2454 3072 2575 3137 sed

258 3246 274 3251 ,
363 3174 736 3260 majoribus
779 3176 978 3243 dictis
1017 3177 1248 3260 inepte
1289 3177 1559 3251 minora,
1587 3176 1870 3243 subdere
1895 3176 2197 3241 fecerunt
2222 3170 2572 3250 Ovidium,

365 3274 650 3343 Poetam
676 3277 1160 3358 cautissimum,
1190 3284 1262 3343 et
1287 3278 1422 3343 alia
1447 3277 1671 3343 omnia
1700 3278 1923 3362 potius
1952 3294 2155 3361 quam
2182 3273 2571 3358 tautologiae

363 3382 595 3444 notam
638 3380 968 3446 meritum.

1192 3478 1304 3547 Ad
1346 3480 1464 3547 lib.
1507 3497 1578 3547 v.
1607 3480 1761 3547 367.

458 3612 727 3699 Virgilii
768 3616 1083 3700 gravitati
1144 3607 1206 3681 si'
1269 3614 1657 3681 facilitatem
1708 3608 1937 3680 ovidii
1982 3608 2577 3693 incomparabilem

367 3718 854 3801 composueris,
897 3718 1252 3783 miraberis
1295 3717 1981 3800 ingeniosissimorum
2018 3712 2351 3778 hominnm
2386 3706 2576 3775 diffe-

361 3816 666 3882 rentiam.
756 3820 1086 3905 Papinius
1112 3820 1200 3885 ad
1229 3838 1348 3885 eos
1372 3818 1556 3885 nihil.

1226 3985 1404 4051 Ibid.
1447 4000 1516 4047 v.
1558 3982 1711 4050 481.

459 4116 640 4197 Quae
675 4118 996 4184 divinitus
1027 4118 1210 4186 dicta
1253 4092 1429 4199 sunt,
1467 4139 1593 4185 nec
1625 4137 1757 4205 ope
1798 4115 1999 4182 unius
2026 4110 2273 4197 ingenii
2297 4110 2575 4179 humani

357 4218 507 4285 fieri
529 4227 815 4306 possunt
833 4224 1320 4307 praestantiora.
2210 4215 2218 4223 ’
