3217 4946
624 414 712 484 14
1365 431 1421 480 ι’.
1467 429 1713 479 ovum
1763 429 2086 480 NAsoms

625 591 790 637 onus
841 571 988 656 ejus
1015 569 1289 649 viribus,
1338 571 1572 636 relicta
1624 573 1808 638 curia
1837 577 1908 637 et
1945 572 2069 638 lati
2109 569 2288 637 clavi
2342 571 2687 649 servitute,
2742 571 2835 638 ad

625 673 1106 737 mansuetiores
1134 691 1363 737 musas
1387 672 1627 754 rediit3
1670 673 2047 758 poetasque
2091 693 2321 739 omnes
2350 673 2534 738 illius
2578 679 2839 756 tempo·

624 774 722 838 ris
770 779 931 838 natu
975 774 1270 856 majores
1317 775 1590 839 assidue
1640 775 1870 854 coluit,
1922 783 2123 859 atque
2168 794 2211 838 a
2237 775 2605 838 minoribus
2636 791 2837 856 aequse

626 876 847 940 cultus
877 875 1025 957 ipse
1055 881 1176 939 est.
1265 873 1442 952 Quae
1474 875 1704 940 omnia
1752 877 1823 938 in
1851 876 2050 941 Trist.
2084 893 2181 941 ιν.
2225 876 2391 958 eleg.
2420 875 2527 940 10.
2572 874 2843 958 elegan-

625 976 885 1040 tissime
916 977 1016 1040 sic
1046 977 1314 1042 scribit:

803 1077 1123 1143 Protinus
1154 1077 1522 1142 excolimur
1555 1078 1799 1143 teneri:
1846 1097 2139 1162 curaque
2168 1079 2466 1163 parentis

890 1180 1080 1244 Imus
1111 1179 1198 1244 ad
1223 1179 1525 1260 insignes
1555 1179 1744 1243 urbis
1776 1180 1864 1243 ab
1894 1186 2039 1244 arte
2068 1179 2274 1244 viros.

801 1279 1035 1345 Frater
1063 1279 1152 1344 ad
1181 1279 1523 1362 eloquium
1549 1278 1745 1342 viridi
1774 1280 2093 1344 tendebat
2120 1280 2209 1343 ab
2234 1296 2409 1356 aev0,

893 1379 1127 1446 Fortia
1152 1380 1424 1444 verbosi
1454 1385 1657 1445 natus
1685 1381 1771 1444 ad
1802 1399 1985 1446 arma
2009 1381 2162 1446 fori.

799 1480 897 1547 At
923 1481 1082 1546 mihi
1103 1480 1250 1564 Jam
1277 1499 1480 1563 puero
1511 1480 1815 1546 coelestia
1842 1501 2035 1547 sacra
2059 1483 2452 1566 placebant,

889 1583 1104 1666 Inque
1128 1601 1322 1647 suum
1351 1580 1574 1646 furtim
1606 1579 1818 1648 Musa
1842 1583 2148 1647 hahebat
2176 1600 2374 1667 opus·

803 1686 1005 1768 Saepe
1038 1689 1228 1766 pater
1247 1682 1465 1748 dixit:
1511 1684 1820 1748 Studium
1848 1684 2008 1766 quid
2032 1685 2261 1749 inutile
2290 1691 2509 1756 tentas
2527 1687 2561 1750 'l

893 1785 1268 1849 Maeonides
1297 1787 1514 1850 nullas
1541 1787 1691 1867 ipse
1718 1785 1985 1868 reliquit
2010 1803 2199 1868 opes.

805 1886 1042 1950 Motus
1069 1904 1248 1949 eram
1279 1886 1503 1962 dictis,
1539 1891 1813 1970 totoque
1845 1886 2179 1952 Helicone
2208 1888 2461 1967 relicto,

893 1985 1201 2051 Scribere
1231 1987 1523 2050 conabar
1554 1989 1760 2052 verba
1788 1989 2014 2053 soluta
2042 1987 2285 2052 modis.

806 2087 1058 2170 Sponte
1088 2105 1212 2152 sua
1239 2106 1500 2150 carmen
1526 2105 1843 2154 numeros
1873 2089 2187 2154 veniebat
2216 2089 2301 2152 ad
2332 2093 2567 2171 aptos:

890 2186 1238 2271 Quicquid
1266 2189 1562 2253 conabar
1589 2189 1903 2268 scribere,
1934 2208 2173 2254 versus
2200 2194 2365 2253 erat.

802 2289 1089 2366 Interea,
1121 2290 1326 2354 tacito
1355 2309 1568 2372 passu
1594 2290 1974 2356 labentibus
2002 2292 2223 2368 annis,
2282 2339 2290 2354 .

892 2390 1199 2454 Liberior
1223 2389 1408 2454 fratri
1438 2397 1678 2469 sumta,
1708 2393 1997 2476 mihique
2026 2399 2184 2472 toga
2208 2395 2353 2470 est;

801 2492 1242 2575 Induiturque
1269 2491 1562 2555 humeris
1592 2510 1745 2556 cum
1775 2493 1911 2557 lato
1938 2510 2237 2575 purpura
2268 2489 2487 2569 clavo,

888 2593 976 2658 Et
1005 2592 1296 2658 studium
1325 2595 1546 2673 nobis,
1578 2593 1761 2677 quod
1790 2593 1916 2659 suit
1946 2599 2116 2671 ante,
2148 2599 2383 2659 manet.

801 2695 1093 2780 Jamque
1120 2694 1350 2760 decem
1375 2697 1540 2762 vitae
1566 2696 1771 2760 frater
1798 2696 2241 2778 geminaverat
2268 2714 2501 2776 annos,

890 2794 1062 2861 Cum
1097 2798 1289 2879 perit,
1318 2805 1385 2863 et
1411 2799 1594 2879 coepi
1624 2804 1815 2878 parte
1846 2814 2073 2859 carere
2102 2798 2259 2861 mei.

804 2896 1124 2977 Cepimus
1153 2904 1220 2960 et
1249 2902 1490 2960 tenerae
1519 2898 1767 2977 primos
1798 2897 2025 2960 aetatis
2054 2896 2361 2973 honores,

898 2998 1140 3078 Deque
1167 2996 1328 3060 viris
1360 2993 1699 3076 quondam
1733 3014 1892 3077 pars
1924 2994 2137 3057 tribus
2166 3012 2301 3059 una
2328 2994 2452 3061 sui.

807 3095 1012 3161 Curia
1037 3096 1370 3161 restabat:
1415 3095 1594 3159 clavi
1624 3114 1935 3160 mensura
1966 3102 2211 3161 coacta
2236 3100 2367 3161 est.

897 3196 1126 3279 Majus
1153 3201 1298 3259 erat
1323 3197 1562 3260 nostris
1593 3196 1845 3259 viribus
1873 3196 2043 3261 illud
2072 3216 2267 3263 onus.
2334 3264 2343 3275 ,

806 3296 956 3363 Nec
989 3294 1254 3378 patiens
1275 3314 1544 3379 corpus,
1575 3316 1697 3360 nec
1726 3316 1915 3362 mens
1945 3304 2088 3362 erat
2116 3305 2277 3382 apta
2303 3298 2557 3365 labori:

893 3396 1332 3480 Solicitaeque
1359 3397 1561 3480 fugax
1595 3400 1981 3464 ambitionis
2010 3420 2231 3465 etam:

771 3498 894 3565 ‘Et
921 3504 1146 3583 petere
1177 3495 1418 3563 Aoniae
1449 3499 1813 3565 suadebant
1842 3508 1986 3566 tuta
2014 3519 2277 3567 sorores

895 3599 1079 3677 Otia,
1103 3600 1368 3683 judicio
1399 3622 1661 3686 semper
1688 3608 1909 3667 amata
1934 3622 2105 3667 meo.

807 3700 1162 3784 Temporis
1191 3699 1368 3764 illius
1397 3703 1574 3767 colui
1604 3702 1877 3785 fovique
1904 3702 2175 3786 poetas:

897 3799 1212 3884 Quotque
1245 3800 1520 3865 aderant
1548 3812 1763 3879 vates,
1791 3802 1985 3865 rebar
2012 3802 2251 3867 adesse
2280 3804 2495 3871 Deos.

808 3903 1012 3984 Saepe
1044 3920 1202 3965 suas
1229 3902 1540 3967 volucres
1570 3903 1729 3985 legit
1755 3902 1919 3967 mihi
1950 3903 2261 3985 grandior
2286 3924 2464 3985 seve,

894 4001 1202 4085 Quoeque
1229 4009 1424 4068 nocet
1449 4022 1746 4087 εει-μους,
1776 4024 1927 4087 quae
1950 4004 2149 4087 juvat
2174 4007 2397 4087 herba,
2430 4006 2685 4073 Macer.

815 4104 1020 4184 Soepo
1050 4122 1213 4168 suos
1243 4105 1480 4169 solitus
1508 4106 1781 4170 recitare
1808 4105 2193 4190 Propertius
2222 4110 2431 4193 ignes,

892 4201 939 4267 J
943 4222 1060 4269 ure
1087 4206 1382 4271 sodalitii
1409 4208 1526 4291 qui
1551 4206 1713 4273 mibi
1731 4207 2007 4293 junctus
2038 4214 2205 4277 erat.
