3217 4946
973 395 1034 446 r.
1083 395 1326 446 ovum
1376 397 1701 456 NAsoms
1751 399 1951 450 vri-A.
2491 393 2579 457 13

532 535 800 621 Siquid
823 535 895 602 id
925 541 1050 614 est,
1071 555 1287 621 usque
1317 556 1362 603 a
1381 535 1653 622 proavis
1677 545 1871 604 vetus
1899 541 2149 610 ordinis
2178 543 2417 624 haeres,

623 639 695 704 N
695 659 786 704 on
813 639 1016 704 modo
1045 638 1328 706 fortunae
1359 661 1631 708 munere
1658 643 1879 708 factus
1910 662 2139 727 eques.

359 733 454 806 Et
481 741 840 808 Fastorum
873 759 974 808 vx.
1223 801 1228 804 ,

533 845 782 910 Sancte
810 851 996 928 pater
1023 849 1281 930 patriae,
1311 848 1435 912 tibi
1464 845 1687 929 plebe,
1719 848 1841 912 tibi
1874 849 2061 916 curia
2084 869 2323 916 nomen

623 946 786 1011 Hoc
815 947 1040 1012 dedit:
1084 949 1216 1014 hoc
1247 948 1546 1012 dedimus
1575 967 1697 1011 nos
1726 949 1849 1012 tibi
1874 968 2117 1014 nomen
2148 971 2375 1034 eques.

355 1047 550 1113 Idem
581 1047 676 1113 ait
703 1054 768 1112 et
793 1048 866 1114 in
897 1047 1118 1114 Ponto
1165 1067 1266 1114 lv·
1297 1049 1466 1131 eleg.
1495 1047 1562 1112 8.

387 1233 394 1238 ,
533 1151 669 1216 Seu
698 1171 900 1232 genus
930 1151 1261 1228 excutias,
1291 1151 1552 1233 equites
1579 1151 1665 1214 ab
1694 1151 1952 1232 origine
1980 1154 2201 1236 prima

617 1251 852 1335 Usque
881 1271 1004 1334 per
1031 1253 1414 1316 innumeros
1442 1252 1855 1317 inveniemur
1878 1273 2075 1319 avos·

351 1353 846 1420 Patrimonium
887 1354 1057 1418 satis
1088 1353 1378 1435 amplum
1421 1352 1745 1418 habuisse
1774 1360 2071 1436 constat;
2116 1356 2301 1440 quod
2332 1359 2419 1421 ab
2450 1377 2565 1421 eo-

354 1455 513 1520 dem
539 1456 608 1519 in
637 1455 858 1519 Ponto
887 1455 990 1520 sic
1018 1454 1432 1520 ostenditur:

525 1555 689 1621 Non
715 1575 908 1622 meus
937 1558 1226 1620 amissos
1253 1558 1522 1620 animus
1547 1555 1887 1622 desiderat
1914 1575 2141 1640 agree,

609 1655 928 1740 Rumque
966 1656 1246 1740 Peligno
1277 1658 1765 1740 conspicienda
1790 1660 1974 1726 solo:

525 1757 680 1823 Nec
712 1777 886 1841 quos
916 1758 1252 1842 pomiferis
1283 1759 1544 1841 positos
1571 1759 1639 1823 in
1670 1761 1959 1826 collibus
1982 1761 2206 1827 hortos

609 1859 888 1943 Spectat
919 1859 1266 1925 Flaminiae
1299 1860 1588 1926 Claudia
1605 1863 1843 1946 juncta
1870 1864 2021 1928 vieo.

348 1961 526 2026 Item
570 1959 841 2026 domum
885 1979 1026 2026 non
1073 1961 1274 2044 longe
1305 1981 1350 2028 a
1377 1959 1762 2045 Capitolioz
1806 1964 1907 2028 ait
1952 1963 2133 2030 enim
2172 1965 2239 2030 in
2272 1964 2469 2030 Trist.
2505 1983 2550 2031 1.

223 2149 240 2164 ο
345 2063 514 2146 eleg.
549 2063 617 2127 3.

521 2163 726 2230 Hanc
753 2184 878 2247 ego
907 2166 1305 2249 suspicione,
1335 2169 1404 2229 et
1431 2165 1520 2230 ad
1551 2165 1705 2232 haec
1734 2165 2073 2250 Capitolia
2100 2185 2397 2246 cernensi,

610 2263 786 2344 Quae
813 2272 1042 2331 nostro
1067 2268 1316 2331 fmstra
1333 2267 1566 2349 juncta
1590 2266 1773 2332 suere
1802 2269 1948 2332 lari.

352 2365 651 2432 Fratrem
697 2372 1018 2450 praeterea
1055 2367 1290 2432 habuit
1321 2373 1488 2432 natu
1533 2367 1859 2450 majorem
1903 2368 2257 2434 duodecim
2306 2371 2553 2436 mensi·

343 2469 502 2548 buS,
531 2473 597 2533 et
621 2469 806 2553 quod
835 2471 1076 2535 mirum
1101 2473 1224 2547 est,
1250 2467 1506 2547 eodem,
1559 2488 1701 2552 quo
1720 2469 1895 2553 ipse,
1924 2475 2153 2537 natum
2184 2472 2329 2537 die:
2374 2482 2553 2537 uter-

341 2590 478 2654 que
505 2574 680 2636 enim
712 2572 1210 2656 quartodecimo
1259 2570 1544 2635 Kalend.
1573 2569 1837 2651 Aprilis
1869 2571 2191 2637 Minervae
2223 2574 2552 2656 quinqua-

345 2670 497 2737 triis
525 2680 725 2739 natus
754 2679 904 2755 est3
948 2673 1134 2756 quod
1161 2674 1260 2737 sic
1291 2671 1544 2755 ipsein
1571 2670 1777 2736 Trist.
1810 2688 1909 2737 ιν.
1938 2672 2098 2754 eleg.
2130 2675 2237 2737 lo.

521 2774 671 2839 Nec
702 2777 904 2858 stirps
935 2776 1154 2858 prima
1179 2774 1299 2852 fui,
1331 2776 1554 2857 genito
1583 2792 1731 2837 sum
1758 2772 1963 2837 fratre
1990 2782 2280 2852 creatus,

605 2876 746 2955 Qui
775 2878 992 2943 tribus
1019 2884 1166 2941 unte
1195 2882 1428 2959 quater
1454 2874 1805 2940 mensibus
1835 2878 2021 2939 ortus
2050 2883 2210 2939 erat.
2250 2884 2253 2889 '

514 2978 786 3044 Lucifer
816 2980 1146 3044 ambobus
1175 2978 1514 3041 natalibus
1545 2976 1735 3041 affuit
1762 2976 1981 3041 idem:

583 3080 743 3145 Una
772 3081 1104 3146 celebrata
1131 3087 1236 3145 est
1261 3100 1384 3163 per
1411 3079 1544 3144 duo
1572 3079 1713 3143 liba
1736 3078 1907 3142 dies·

517 3180 697 3246 Haec
727 3190 835 3247 est
863 3182 1186 3257 armiferae
1215 3182 1296 3247 de
1323 3181 1514 3246 festis
1545 3180 1841 3264 quinque
1870 3179 2221 3258 Minervae,

606 3280 778 3361 Quae
809 3282 952 3347 fieri
981 3300 1208 3367 pugna
1233 3282 1450 3365 prima
1477 3288 1751 3347 cruenta
1780 3280 1973 3345 solet.

343 3382 571 3449 Natus
600 3392 702 3451 est
728 3393 948 3452 autem
979 3386 1204 3451 Hirtio
1228 3390 1296 3450 et
1323 3384 1557 3449 Pansa.
1579 3382 1781 3447 Coss,
1812 3382 1927 3466 qui
1960 3382 2139 3449 bello
2156 3381 2545 3449 Antoniano

341 3485 524 3567 apud
557 3484 888 3552 Mutinam
919 3487 1196 3571 peremti
1225 3492 1400 3563 sunt,
1430 3493 1506 3550 ut
1533 3486 1689 3568 ipse
1716 3487 1785 3549 in
1813 3484 2021 3549 Trist.
2053 3500 2153 3547 lv.
2180 3486 2341 3569 eleg.
2372 3484 2479 3553 lo.

515 3586 759 3653 Editus
783 3588 935 3652 hinc
965 3608 1091 3671 ego
1121 3608 1292 3666 sum,
1317 3606 1438 3651 nec
1467 3604 1623 3664 non,
1652 3592 1725 3651 ut
1753 3592 2053 3669 tempora
2078 3588 2283 3665 noris,

605 3688 774 3753 Cum
805 3688 1048 3753 cecidit
1073 3688 1216 3753 sato
1243 3688 1482 3753 consul
1507 3692 1779 3771 uterque
1808 3690 1971 3770 pari.

339 3790 516 3856 Cum
547 3796 764 3855 autem
787 3789 1028 3855 Roma>
1057 3808 1196 3854 una
1224 3810 1374 3855 cum
1401 3789 1604 3853 fratre
1632 3790 1759 3853 sub
1790 3788 2183 3855 clarissimis
2210 3794 2279 3855 et
2304 3788 2545 3855 Gram-

333 3892 608 3958 maticis
657 3897 722 3957 et
769 3890 1178 3957 ‘Rhetoribus
1225 3890 1584 3974 plurimum
1636 3889 2065 3973 profecisset3
2112 3890 2395 3971 legibuS,
2428 3910 2542 3956 co·

335 4004 536 4078 gente
583 4002 797 4081 patre,
845 3996 964 4080 qui
990 3994 1414 4059 humanitatis
1444 3991 1675 4059 studia
1698 3992 1969 4055 inutilia
1994 4011 2147 4056 esse
2186 3991 2543 4058 contende-

333 4095 478 4173 bat,
535 4097 748 4181 coepit
797 4096 1203 4173 incumbere,
1263 4102 1336 4159 et
1383 4094 1670 4178 profecit
1716 4092 2007 4175 legibue,
2066 4099 2139 4156 et
2180 4092 2543 4159 honoribus

329 4196 606 4265 functus
635 4206 758 4266 est.
846 4200 982 4264 Sed
1013 4218 1172 4264 cum
1209 4196 1428 4262 sorum
1458 4196 1863 4282 displiceret,
1903 4193 2295 4279 quodesaet
2322 4192 2541 4277 majus
