3217 4946
1333 447 1717 498 nrisrom.
2583 433 2629 498 3

421 591 662 658 saltem
689 589 1122 657 reverentiam
1153 609 1369 668 suam,
1419 609 1767 675 meamque
1800 607 1955 664 cum
1996 591 2343 675 utriusque
2375 589 2633 656 officio-

421 693 714 758 sissimis
787 691 1134 775 obsequiis
1199 690 1540 756 declarare
1601 689 2039 774 aggrediatur.
2153 693 2487 758 Nimirum
2545 691 2635 756 ad

425 793 886 860 oblectandam
915 793 1112 876 pueri
1150 793 1426 876 insignis
1471 791 1875 875 Burgundiae
1908 792 2125 859 Ducis
2153 795 2439 877 primam
2469 797 2635 858 aeta·

422 901 556 960 tem
611 895 812 958 fuerit
860 893 1292 978 aptissimus;
1339 894 1472 970 cui,
1539 898 1768 978 utpote
1828 893 2041 978 Regis
2092 896 2240 977 spei
2298 893 2633 973 secundae,

423 1001 690 1078 tuaeque
722 996 1069 1079 voluptati,
1120 1000 1378 1078 gratum
1431 1013 1585 1058 esse
1636 995 1864 1079 aliqua
1914 1015 2002 1060 ex
2056 999 2245 1079 parte
2299 997 2360 1060 si
2404 995 2633 1074 liceat,

423 1100 562 1160 tum
605 1095 898 1178 denique
938 1113 1158 1178 neque
1200 1093 1398 1160 famae
1461 1113 1675 1178 neque
1719 1095 2002 1162 sortunae
2060 1097 2355 1180 amplius
2412 1097 2635 1180 poeni-

421 1202 574 1261 teat.
663 1195 760 1262 At
806 1197 981 1260 enim
1009 1201 1284 1261 conatus
1333 1216 1440 1260 me
1491 1204 1939 1264 transversum
1968 1199 2133 1281 agit,
2182 1199 2297 1282 qui
2326 1199 2445 1263 ubi
2478 1198 2633 1278 sim,

421 1305 494 1363 et
519 1317 719 1383 quem
749 1298 1166 1382 compellem,
1227 1318 1370 1363 sum
1422 1319 1593 1382 pene
1643 1300 1912 1379 oblituS,
1969 1317 2112 1386 prae
2167 1298 2414 1364 studio.
2504 1297 2637 1364 Ut-

423 1418 708 1484 cumque
763 1401 1107 1482 ignoseaS,
1158 1418 1316 1465 nam
1360 1400 1761 1467 mitissimus
1810 1419 1909 1480 ee,
1956 1407 2261 1487 tempora
2318 1421 2444 1467 sua
2502 1400 2635 1466 sibi

422 1501 702 1586 praeripi
743 1519 876 1565 non
916 1500 1102 1566 fama
1125 1501 1326 1566 modo
1369 1508 1440 1567 et
1467 1509 1724 1585 gentes,
1754 1503 1872 1569 sed
1916 1509 1985 1568 et
2029 1505 2313 1589 publica
2339 1503 2635 1568 omnium

420 1602 660 1667 laetitia
703 1602 1017 1685 queritur.
1107 1601 1671 1688 Quandoquidem
1706 1603 1951 1668 melius
1976 1623 2113 1670 vox
2159 1605 2451 1669 omnium
2478 1622 2632 1688 quae

421 1708 688 1786 pectore
712 1703 932 1768 habeo
958 1705 1456 1788 comprehensa,
1481 1704 1825 1790 expediet,
1869 1705 2173 1789 pluribus
2202 1703 2631 1788 supersedeo,

421 1815 553 1869 non
581 1804 726 1869 sine
753 1805 930 1869 votis
959 1809 1200 1882 tamen,
1236 1809 1312 1870 ut
1354 1806 1544 1871 Deus
1592 1813 1689 1871 ter
1719 1803 1880 1891 Opt.
1924 1805 2278 1872 Maximus
2322 1811 2387 1870 te
2443 1805 2631 1871 inco·

419 1905 673 1972 lumem
715 1911 998 1991 praestet
1032 1906 1266 1970 >animo
1316 1907 1560 1988 pariter
1607 1912 1677 1974 et
1723 1927 2021 1992 corpore,
2066 1913 2263 1994 teque
2302 1907 2632 1976 bonorum

421 2008 720 2073 omnium
749 2013 975 2072 servet
999 2024 1208 2092 usque
1245 2011 1564 2072 tutamen.

556 2171 992 2225 DatumLoemnae
1022 2171 1142 2222 Vll.
1175 2173 1295 2223 Kal.
1321 2170 1490 2223 Octob.
1516 2175 1641 2224 1683
