3217 4946
1068 393 1166 443 ns
1213 395 1274 443 r.
1319 393 1578 444 ovrmo
1622 395 1952 448 usseris.
2528 383 2619 452 m

413 536 834 626 exsculpere,
853 537 972 603 sed
999 539 1357 623 deceptum
1377 539 1789 619 Protacium,
1818 541 2151 606 credibile.
2238 542 2615 626 Supersunt

412 640 1049 724 Metamorphoseon
1077 642 1228 705 libri
1261 657 1389 706 xv,
1438 661 1574 706 non
1626 644 1743 708 illo
1795 645 2062 727 quidem
2114 644 2291 728 stylo
2342 647 2613 712 sublimi

409 739 651 826 Epico,
683 743 804 807 sed
851 751 1073 808 tamen
1105 745 1370 821 decoro,
1403 748 1659 826 arguto,
1700 763 2047 810 numeroso
2074 747 2355 822 exarati,
2388 753 2453 809 et
2480 747 2611 814 hoc

407 842 585 926 ipso,
615 851 692 908 ut
721 853 962 909 ceteroe
1004 845 1276 908 virtutes
1327 849 1817 928 praetereantur,
1856 846 2397 928 ingeniosissimi,
2428 847 2611 930 quod

406 946 578 1009 miro
607 945 894 1011 artificio
923 964 1148 1010 omnes
1175 945 1657 1029 propemodum
1685 953 1981 1010 veterum
2019 947 2283 1012 fabulas
2309 950 2393 1012 ab
2424 949 2609 1014 initio

406 1045 611 1125 orbis,
644 1047 731 1111 ad
765 1065 890 1111 sua
915 1065 1129 1130 usque
1159 1051 1460 1129 tempora
1484 1053 1817 1130 perpetua
1845 1047 2037 1124 serie,
2066 1055 2137 1111 et
2166 1049 2341 1111 velut
2371 1054 2609 1113 catena

405 1147 690 1230 quadam
744 1149 1034 1226 amabili,
1064 1153 1480 1213 connectant.
1571 1148 1907 1214 Heroides
1958 1157 2027 1214 et
2074 1148 2403 1234 Amorum
2451 1149 2605 1214 libri

403 1250 796 1332 purissimae,
821 1249 1134 1314 dictionis
1183 1256 1384 1327 sunt,
1407 1249 1524 1314 sed
1591 1251 1831 1332 impuri
1880 1251 2269 1334 plerumque
2340 1269 2600 1329 sensus,

403 1349 646 1434 quibus
671 1350 812 1414 sive
832 1350 878 1415 J
886 1351 1090 1422 uliam
1107 1349 1395 1433 Augusti
1421 1350 1625 1414 filiam
1656 1353 1987 1416 amoribus
2008 1353 2148 1416 suis
2178 1351 2601 1436 implicuerit,

400 1453 583 1534 qued
622 1450 942 1515 creditum
987 1450 1128 1514 Sid.
1180 1449 1573 1534 Apollinari,
1610 1453 1750 1516 sive
1798 1455 2029 1517 urbem
2056 1454 2315 1520 lascivo
2346 1437 2601 1538 scripto

399 1553 780 1636 corruperit,
829 1552 970 1616 sive
1017 1552 1298 1637 denique
1343 1551 1635 1634 Augusti
1675 1554 1933 1619 incesto
1982 1556 2215 1621 oculos
2266 1555 2601 1620 conscele-

395 1653 576 1730 rarit,
607 1669 744 1735 quo
771 1655 920 1735 ipse
941 1653 988 1716 1.
1020 1670 1130 1717 111.
1161 1653 1364 1718 Trist.
1389 1654 1655 1718 videtur
1678 1655 2013 1734 inclinare,
2030 1661 2209 1720 certe
2230 1657 2299 1719 in
2321 1657 2601 1721 exilium

392 1752 645 1816 missus
692 1751 926 1817 Tomis
971 1755 1342 1818 consenuit.
1431 1752 1514 1816 ln
1563 1773 1701 1837 qua
1755 1756 2135 1820 calamitate
2165 1775 2301 1820 uon
2338 1761 2610 1820 tantun.-

393 1851 646 1942 Geiice·
688 1853 948 1937 poetari
993 1854 1255 1933 didicit,
1317 1855 1436 1920 sed
1475 1859 1545 1919 et
1585 1855 1905 1921 Ponticis
1954 1859 2095 1922 suis
2142 1855 2599 1940 Tristiumque

391 1953 582 2018 libris
624 1952 915 2037 Augusti
957 1955 1476 2020 misericordiam
1539 1977 1674 2022 non
1720 1959 1981 2023 destitit
2024 1977 2333 2036 evocare,
2380 1977 2593 2040 quan-

389 2065 594 2140 quam
637 2057 992 2120 incassum.
1083 2055 1450 2122 Credantur
1495 2059 1644 2124 haec
1674 2061 1890 2124 exulis
1942 2059 2197 2144 scripta
2237 2058 2595 2126 humiliora

388 2173 540 2219 esse
585 2155 830 2220 ceteris
877 2156 1026 2240 ejus
1073 2160 1411 2240 operibus,
1453 2165 1530 2224 ut
1564 2161 1734 2224 inter
1774 2161 2095 2224 barbaros
2140 2167 2205 2224 et
2255 2161 2593 2226 miseriam

383 2260 568 2333 nata,
597 2261 668 2319 at
709 2274 866 2320 sane
896 2262 1210 2342 quantum
1259 2261 1344 2322 iis
1388 2259 1758 2324 detractum
1796 2261 2179 2344 majestatiS,
2210 2267 2463 2325 tantum
2500 2281 2591 2330 ex

385 2357 654 2439 ingenio
681 2356 981 2422 additum
1008 2358 1349 2423 varietatis
1399 2365 1466 2424 et
1515 2359 2044 2442 pulchritudinis.
2136 2361 2380 2445 Neque
2413 2362 2587 2451 enim

382 2459 714 2541 ingenium
737 2461 807 2522 in
835 2458 1043 2525 exilio
1085 2459 1221 2542 ipsi
1244 2459 1602 2538 excidisse,
1649 2461 1817 2525 satis
1848 2459 2210 2526 docuerunt
2237 2461 2585 2527 mordaces

381 2561 456 2625 in
511 2560 688 2625 Ibim
742 2560 932 2639 dirae,
989 2566 1092 2625 tot
1145 2562 1472 2645 exemplis
1533 2582 1619 2626 ex
1686 2582 1860 2627 cana
1902 2564 2297 2645 antiquitate
2356 2562 2587 2644 petitis

381 2662 734 2742 aculeatae,
766 2671 846 2728 ut
874 2663 1109 2727 mirum
1155 2664 1266 2742 sit,
1292 2664 1566 2741 homiui,
1597 2664 2111 2728 instructissima
2139 2664 2339 2726 etiam
2370 2662 2585 2727 Bibli-

379 2764 618 2829 otheca
633 2766 908 2841 viventi,
937 2768 1190 2828 tantum
1215 2770 1568 2848 suppetere
1596 2781 1798 2847 posse
1823 2767 2243 2846 apparatum,
2266 2768 2584 2845 quantum

377 2865 536 2951 ipsi·
561 2870 755 2930 extra
805 2866 1070 2949 pluteos
1129 2866 1466 2947 suggessit
1521 2865 1861 2929 memoria.
1952 2862 2160 2927 Plura
2227 2863 2580 2945 scripsisse

378 2966 698 3031 Ovidium
727 2972 1007 3044 constat,
1035 2965 1119 3029 de
1149 2966 1392 3049 quibus
1428 2964 1556 3029 Lil.
1602 2962 1937 3049 Gyraldus
1958 2963 2422 3047 Vossiusque3
2463 2964 2581 3029 sed

373 3066 846 3147 Philomelam,
911 3068 1390 3152 Panegyricum
1461 3068 1547 3132 ad
1622 3066 1958 3145 Pisonem,
2004 3064 2327 3142 Pulicem,
2384 3070 2453 3129 et
2494 3064 2581 3130 de

369 3170 814 3236 medicamine
863 3170 1063 3235 faciei
1111 3189 1241 3233 non
1289 3189 1442 3234 esse
1470 3168 1842 3234 Ovidianos
1883 3167 2115 3243 fretus,
2157 3168 2579 3233 consentiunt

370 3272 638 3351 eruditi,
665 3278 742 3336 ut
761 3291 892 3336 nec
921 3290 1150 3338 omnes
1182 3268 1554 3334 Heroidum
1582 3267 1949 3353 Epistolas.
2040 3266 2219 3333 Inter
2246 3265 2577 3331 editiones

371 3389 657 3455 operum
700 3371 848 3455 ejus
897 3370 1081 3435 nulla
1124 3370 1508 3452 castigatior
1565 3376 1671 3433 est
1710 3368 1871 3435 Nic.
1916 3367 2209 3444 Heinsii,
2252 3384 2453 3449 quam
2504 3375 2578 3432 et

369 3478 610 3554 postea
681 3478 954 3537 secutus
1022 3479 1130 3536 est
1203 3470 1633 3536 Burchardus
1710 3470 2189 3554 Cnippingius3
2266 3466 2576 3533 laudatur

367 3577 440 3636 et
480 3570 763 3639 Ovidius
808 3570 1183 3657 Vas-iorum.
1289 3569 1374 3635 In
1423 3572 1699 3656 optimis
1746 3569 2047 3635 Nasonis
2094 3569 2401 3634 versibus
2456 3566 2572 3632 ille

371 3677 504 3752 est,

1008 3774 1372 3858 Finemque
1399 3771 1700 3859 potentia
1728 3770 1885 3835 coeli

499 3871 666 3939 Non
692 3874 919 3952 habet,
947 3880 1015 3940 et
1043 3874 1364 3958 quicquid
1391 3874 1623 3956 superi
1648 3872 1937 3947 voluere,
1966 3876 2309 3954 peractum
2336 3874 2455 3935 est.

363 3970 674 4039 Creditur
697 3976 954 4040 obiisse
971 3976 1210 4041 Tomis
1239 3994 1411 4040 anno
1441 3974 1530 4039 U.
1561 3973 1646 4039 C.
1680 3988 2015 4039 noouxx.
2040 3973 2171 4037 hoc
2199 3978 2309 4036 est
2327 3970 2568 4035 Christi

364 4090 566 4139 xvir.
609 4082 1142 4162 monstraturque
1177 4075 1266 4143 ad
1307 4077 1537 4142 urbem
1583 4074 1901 4141 Kioviam
1926 4073 2078 4157 ejus
2120 4070 2565 4157 sepulchrum,

363 4174 429 4239 si
455 4192 648 4241 verus
677 4174 993 4241 Brietius.
