3217 4946
617 359 708 426 38
1236 371 1701 424 mmmmm-A
1750 372 1843 420 m·
1887 371 2198 422 sumcm

1415 512 1528 579 Ad
1569 515 1691 579 lib.
1722 530 1827 580 v1.
1856 513 2027 610 5³31

708 651 792 716 In
815 649 1260 734 descriptione
1291 669 1535 734 pugnoe
1563 649 2011 733 Lapitharum
2038 668 2195 714 cum
2216 647 2819 714 Cenhiuris'inven-

616 753 868 818 tionum
895 752 1121 837 copia,
1152 757 1222 817 et
1265 752 1590 818 sermonis
1636 750 1833 816 nitidi
1878 751 2213 816 celeritate
2256 749 2551 835 seipsum
2583 769 2819 834 super-

624 857 784 920 avit.

1435 969 1550 1036 Ad
1591 970 1713 1038 lib.
1746 985 1857 1038 xl.
1897 970 2007 1034 42.

631 1137 638 1148 -
707 1104 992 1170 Ovidius
1015 1104 1490 1170 verus.Phoebi
1517 1107 1687 1183 olor,
1736 1123 1873 1189 quo
1894 1123 2097 1170 nemo
2122 1105 2423 1182 suavius,
2470 1109 2543 1168 et
2584 1101 2695 1189 (ut
2724 1102 2823 1168 ita

617 1205 882 1291 loquar)
915 1205 1344 1291 penetrantius
1381 1225 1673 1290 unquam
1717 1205 2085 1272 infortunia
2126 1223 2256 1270 sua
2296 1205 2409 1270 vel
2450 1205 2670 1270 aliena
2708 1206 2823 1270 de-

620 1313 893 1392 questus
935 1314 1057 1373 est.
1145 1307 1234 1372 Et
1274 1307 1453 1372 omni
1495 1306 1723 1391 lapide
1768 1307 1993 1372 durior
2032 1305 2159 1373 fuit
2200 1305 2493 1389 Aug-usti
2536 1306 2821 1383 animus,

620 1410 761 1491 qui,
792 1409 851 1473 si
896 1428 1030 1473 non
1062 1409 1253 1493 plane
1281 1408 1681 1487 condonare,
1712 1410 1894 1493 quod
1921 1409 2153 1492 utique
2194 1417 2261 1474 et
2288 1412 2559 1492 poterat
2596 1414 2665 1471 et
2706 1405 2822 1471 de-

515 1539 520 1544 ·
619 1511 842 1588 bebat,
873 1511 1166 1593 culpam,
1193 1511 1526 1576 remittere
1551 1516 1776 1578 tamen
1802 1510 1994 1576 exilii
2022 1511 2435 1576 atrocitatem
2460 1527 2595 1573 uno
2623 1509 2824 1572 verbo

619 1610 908 1678 debebat
947 1613 1270 1697 illiquenti
1313 1617 1452 1678 tam
1493 1613 1801 1698 ingenuis
1826 1611 2403 1680 lamentationibus
2427 1614 2617 1674 tauto
2644 1610 2824 1692 inge-

621 1713 766 1779 nio.

1539 1831 1715 1897 Ibid.
1758 1831 1909 1897 400.

710 1961 942 2046 Longa
985 1965 1154 2030 serie
1198 1985 1302 2029 res
1369 1965 1462 2029 ibi
1506 1972 1838 2045 narratur,
1883 1966 2191 2032 versibus
2236 1967 2434 2049 plane
2479 1963 2825 2030 Musarum

627 2083 829 2165 manu
860 2065 1154 2152 scriptis,
1185 2071 1250 2131 et
1286 2085 1401 2131 ore
1429 2053 1767 2148 canendis·
1820 2051 1829 2058 ’

1181 2237 1374 2304 Idem
1417 2237 1708 2306 Advers.
1758 2255 1974 2305 tvm.
2018 2257 2173 2324 cap.
2214 2241 2282 2307 9.

713 2370 903 2435 Dicit
930 2371 1310 2475 universum
1350 2373 1502 2458 ejus
1545 2393 1719 2458 opus
1756 2373 2457 2460 (Metamorphoseon)
2496 2377 2831 2458 ingenium

626 2472 853 2555 potius
881 2471 1120 2538 referre
1149 2492 1355 2557 quam
1384 2495 1631 2554 curam,
1660 2497 1793 2560 quo
1820 2478 1972 2560 ipso
2001 2473 2198 2561 longe
2228 2476 2511 2543 Marone
2538 2488 2645 2543 est
2671 2479 2831 2545 inse-

625 2574 777 2638 rior.
867 2572 1047 2641 Vide
1084 2576 1364 2659 reliqua.

931 2750 1286 2818 Manutius
1326 2753 1414 2818 ad
1443 2750 1659 2818 Cicer.
1687 2754 1805 2819 lib.
1834 2770 1935 2820 tv.
1964 2755 2037 2820 in
2057 2753 2221 2823 Ver.
2248 2776 2402 2842 cap.
2431 2756 2541 2824 48.

715 2884 1262 2983 Elegantissimus
1295 2885 1535 2965 Poeta,
1565 2887 1735 2981 nulli
1760 2896 2049 2955 veterum
2093 2896 2212 2956 aut
2236 2892 2503 2976 ingenio
2527 2900 2643 2961 aut
2666 2896 2829 2961 doc-

629 2984 807 3048 trina
835 2984 1232 3064 concedens,
1262 2988 1431 3052 mira
1456 2988 1777 3054 brevitate
1804 2988 1999 3070 dixit,
2021 2994 2143 3056 Sto.

1173 3158 1435 3246 Tanaq.
1461 3160 1683 3228 Faber
1710 3162 1826 3231 lib.
1862 3180 1915 3231 1.
1945 3164 2161 3252 Epist.
2188 3168 2301 3234 37.

715 3288 983 3374 Ubique
1027 3292 1411 3376 ingeniosus
1439 3303 1540 3364 est
1564 3296 1875 3380 ovidius,
1906 3302 2091 3387 quod
2127 3323 2319 3368 nemo
2349 3324 2670 3389 unquam,
2699 3306 2834 3374 nisi

627 3392 744 3477 qui
787 3393 936 3476 ipse
963 3394 1348 3477 ingeniosus
1375 3419 1507 3465 nou
1548 3404 1745 3480 esset,
1772 3405 2059 3486 negavit.
2148 3404 2420 3490 Ubique
2454 3406 2691 3473 doctus
2732 3414 2833 3477 est

627 3492 941 3572 Ovidius,
971 3495 1055 3560 de
1088 3517 1222 3581 quo
1249 3519 1378 3564 non
1406 3502 1626 3567 minus
1654 3503 1843 3588 apud
1870 3525 2099 3571 omnes
2128 3514 2432 3574 constat:
2479 3508 2597 3573 sed
2648 3510 2831 3577 haud

629 3592 938 3678 equidem
981 3598 1148 3675 scio,
1193 3618 1280 3663 an
1325 3600 1488 3669 alibi
1531 3604 1793 3670 doctior
1832 3606 1924 3671 sit
1965 3611 2036 3672 et
2075 3596 2492 3689 ingeniosior,
2521 3630 2721 3695 quam
2764 3614 2833 3677 in

628 3695 928 3761 secundo
969 3694 1332 3783 Tristium3
1392 3722 1611 3790 neque
1656 3700 1827 3771 adeo
1868 3706 2106 3771 mirum
2148 3714 2273 3787 est,
2319 3730 2595 3777 causam
2636 3732 2832 3778 suam

627 3794 1232 3963 {ptrmugustum
1288 3806 1548 3887 agebat,
1632 3806 2015 3891 Principem
2084 3808 2378 3891 doctum,
2452 3814 2833 3899 Principem

693 3916 774 3961 oe
921 3946 937 3963 .

1425 4038 1611 4105 Idem
1658 4042 1878 4126 Epist.
1920 4042 2031 4108 ¹71.

718 4160 934 4259 Haud⁸
971 4166 1282 4252 equidem
1324 4173 1492 4255 scio,
1539 4175 1712 4242 sitne
1754 4176 2009 4263 aliquid
2069 4179 2139 4246 in
2188 4186 2329 4248 toto
2378 4180 2605 4263 latio,
2644 4184 2838 4273 quod:
