3217 4946
1375 415 1584 464 viu.
2496 398 2585 463 17

555 555 714 623 Nou
736 575 898 640 eger
917 555 1353 640 hicpomum,
1383 575 1518 622 non
1543 555 1781 622 dulces
1806 554 2051 623 educet
2076 575 2280 625 uvas:

639 655 800 722 Non
827 657 1076 722 salices
1103 656 1277 739 ripa,
1308 657 1554 721 robora
1577 658 2069 726 monte:virent.

453 839 458 842 ,
551 757 748 824 Neve
776 756 1016 822 sremm
1042 756 1280 821 laudes
1311 763 1484 822 terra·
1507 761 1723 840 magis
1746 779 1769 837 ;
1813 777 2087 842 oequora
2110 777 2377 846 semper

635 859 1004 926 Ventorum
1033 859 1216 923 rabie
1245 860 1504 924 solibus
1533 861 1703 924 orba
1732 865 1999 928 tument.
2214 925 2241 954 ·.

552 960 994 1044 Quocumque
1017 962 1341 1046 aspicias,
1373 963 1596 1045 campi
1628 961 1885 1028 cultore
1910 967 2235 1041 carentes,

633 1062 1004 1146 Vastaque,
1035 1081 1190 1146 quae
1221 1081 1416 1126 nemo
1440 1061 1759 1141 vindice&
1770 1082 1953 1128 arva
1968 1063 2223 1146 jacent.

552 1162 800 1228 Hostis
829 1163 1022 1228 adest
1046 1163 1284 1226 dextre
1307 1163 1615 1246 laevaque
1644 1182 1687 1226 a
1712 1170 1901 1247 parte
1930 1163 2283 1242 timendus,

635 1264 1024 1347 vicinoque
1049 1271 1232 1328 metu
1259 1269 1455 1330 terret
1480 1265 2061 1349 utrumquedatusi.

547 1366 784 1431 Altera
812 1367 1148 1432 Bistonias
1175 1385 1336 1449 pars
1363 1370 1472 1430 est
1499 1381 1791 1446 sensura
1818 1365 2124 1448 sagittas,

633 1466 870 1534 Altera
893 1467 1268 1534 Sarmatica
1299 1467 1561 1550 spicula
1587 1468 1797 1534 missa
1822 1483 2043 1533 mauu.

378 1567 504 1633 Sui
553 1574 772 1634 autem
819 1569 1012 1636 exilii
1042 1566 1218 1632 duas
1263 1565 1474 1632 fuisse
1517 1569 1615 1633 ait
1664 1586 1945 1634 causes.
1972 1587 2271 1652 querum
2300 1569 2577 1636 alteram

376 1671 625 1754 ubique
675 1671 943 1750 fatetur,
998 1670 1276 1734 alteram
1321 1687 1584 1752 semper
1633 1671 2011 1754 supprimit.
2097 1668 2221 1734 Ait
2266 1672 2439 1736 enim
2490 1688 2575 1737 11.

379 1769 488 1835 De
511 1771 720 1836 Tnst.

548 1872 966 1938 Perdiderint
990 1893 1140 1938 cum
1167 1893 1272 1938 me
1299 1873 1436 1939 duo
1461 1875 1763 1955 crimina,
1794 1893 2077 1952 carmen,
2106 1879 2176 1940 et
2202 1883 2416 1956 enon

631 1973 928 2039 Alterius
949 1976 1115 2042 facti
1143 1977 1350 2062 culpa.
1375 1977 1639 2042 silenda
1664 1977 1825 2042 mihi
1851 1981 1975 2042 est.

375 2075 698 2158 Persaepe
743 2076 942 2158 igitur
1003 2084 1074 2142 et
1101 2078 1326 2142 ·libros
1391 2077 1500 2142 De
1545 2075 1717 2143 Arte
1759 2075 2053 2143 Amandi
2110 2074 2577 2158 composuisse

375 2175 572 2254 dolet,
595 2176 776 2261 quod
790 2184 1162 2262 propterea
1180 2178 1514 2260 Augusto.
1527 2178 1687 2244 odio
1714 2197 1868 2242 esse
1894 2177 2200 2260 coeperit,
2230 2181 2301 2240 et
2324 2173 2579 2258 aliquid

373 2277 627 2342 vidisse
655 2297 775 2362 per
803 2297 1117 2356 errorem,
1169 2285 1246 2343 ut
1272 2279 1360 2343 ob
1391 2279 1464 2342 id
1513 2279 1584 2342 in
1612 2277 1959 2361 Scythiam
1985 2277 2315 2362 relegatus
2352 2275 2574 2356 fuerit,

377 2377 628 2444 offenso
659 2377 966 2446 Cae'sare:
1013 2380 1110 2444 ait
1137 2380 1312 2444 enim
1339 2381 1407 2444 in
1436 2395 1518 2444 11.
1546 2379 1657 2444 De
1687 2379 1907 2446 Ponto
1937 2378 2105 2460 eleg.
2135 2377 2202 2442 9.

545 2481 740 2547 Neve
761 2502 950 2565 roges
975 2502 1132 2567 quae
1158 2484 1280 2547 sit:
1309 2482 1584 2549 stultam
1610 2501 1813 2567 quam
1832 2480 2230 2565 scripsimus
2255 2486 2484 2559 artem,

527 2610 545 2649 τ
631 2583 966 2652 Innocuas
989 2584 1184 2648 nobis
1212 2582 1362 2647 haec
1391 2588 1576 2649 vetat
1600 2601 1751 2647 esse
1774 2601 2034 2648 manus.

545 2682 815 2768 Ecquid
841 2690 1166 2769 praeterea
1189 2684 1548 2767 peccarim,
1578 2699 1889 2766 quaerere
1902 2680 2079 2745 noli:

631 2784 728 2850 Ut
753 2792 986 2869 pateat
1011 2786 1160 2849 sola
1189 2784 1394 2867 culpa
1422 2784 1551 2848 sub
1578 2788 1719 2849 arte
1743 2800 1915 2847 mea.

373 2886 468 2952 Et
490 2887 699 2970 poulo
721 2886 996 2951 inferius
1021 2886 1186 2968 eleg.
1215 2886 1322 2952 10.
2196 2930 2199 2935 -

544 2985 742 3052 Naso
771 3006 1005 3070 perum
1034 2986 1328 3070 prudens
1355 2991 1566 3055 artem
1591 2983 2012 3051 dum-scribit
2038 2985 2333 3066 amandi,

381 3118 390 3127 ·
628 3089 970 3155 Doctrinae
993 3088 1275 3172 pretium
1301 3087 1494 3151 triste
1523 3087 1833 3171 magister
1858 3086 2079 3154 habet.

369 3188 507 3257 Et
484 3210 558 3255 ιιι
587 3206 702 3256 ιιι.
733 3190 824 3255 ad
851 3189 1168 3255 Amorem
1193 3190 1358 3271 eleg.
1387 3189 1456 3253 3.

545 3292 698 3361 Nec
725 3292 894 3358 satis
921 3292 1056 3357 hoc
1081 3291 1322 3368 fuerat,
1353 3290 1599 3356 stultus
1628 3310 1897 3375 quoque
1926 3292 2219 3361 carmina
2244 3291 2397 3371 feci,

545 3450 552 3457 .
627 3392 918 3459 Artibus
945 3399 1019 3458 ut
1043 3410 1298 3477 posses.
1309 3410 1440 3458 non
1467 3391 1658 3456 rudis.
1684 3410 1837 3457 esse
1864 3392 2053 3457 meis.

545 3494 684 3561 Pro
709 3496 956 3579 quibus
983 3494 1260 3559 exilium
1288 3492 1532 3557 misero
1556 3492 1721 3555 mihi
1749 3492 2009 3557 reddita
2034 3512 2316 3581 merces,

629 3596 714 3661 Id
745 3616 1014 3680 quoque
1043 3598 1110 3661 in
1139 3595 1460 3659 extremis
1487 3600 1560 3658 et
1588 3593 1735 3657 sine
1763 3612 1932 3676 pace
1957 3594 2157 3659 locis.

369 3698 454 3763 In
481 3696 716 3763 eodem
747 3698 846 3763 sic
870 3697 1190 3762 Amorem
1219 3696 1356 3761 sibi
1383 3694 1889 3779 respondentem
1915 3696 2169 3761 inducit
2192 3696 2265 3760 in
2292 3694 2574 3761 somnis:

543 3796 770 3881 thue
795 3799 948 3877 hoc,
977 3800 1078 3863 sic
1105 3797 1360 3863 utinam
1389 3794 1743 3861 defendere
1772 3802 1995 3861 cetera.
2016 3816 2294 3881 posses:

629 3899 784 3965 Scis
809 3899 1018 3977 aliud,
1049 3898 1236 3982 quod
1263 3904 1328 3963 te
1354 3897 1629 3975 loeserit,
1658 3899 2077 3981 esse-magis.

363 4000 460 4067 Et
487 4000 562 4065 in
591 4016 695 4064 lv.
719 4002 809 4067 ad
838 4000 1086 4065 Carum
1117 4001 1316 4085 epist.
1342 4000 1452 4067 13.

541 4100 674 4167 me
701 4102 977 4188 quidem
999 4102 1217 4183 dixin
1261 4099 1386 4167 sed
1407 4122 1514 4167 me
1531 4103 1703 4186 jam,
1733 4099 1929 4179 Care,
1956 4100 2173 4167 nivali

625 4201 838 4267 Sexta
863 4203 1214 4287 relegatum
1238 4205 1477 4271 bruma
1501 4202 1631 4269 sub
1659 4222 1793 4269 axe
1816 4202 2023 4269 videt.

501 4317 1045 4384 Dauara-‚Q
1401 4318 1548 4371 onia.
2334 4320 2443 4369 ·B
