3217 4946
1369 423 1570 476 vim.
2493 412 2583 479 15

541 560 870 630 Ponticus
903 563 1162 644 Heroo,
1193 567 1442 633 Battus
1470 589 1741 654 quoque
1772 571 1995 638 clarus
2026 572 2307 652 Iamhh,

625 663 884 730 Dulcia
911 670 1260 734 convictus
1281 673 1586 737 membra
1612 674 1799 736 fuere
1822 674 1977 738 mei.

541 765 846 832 Detinuit
871 774 1136 834 nostras
1161 789 1554 836 numerosus
1586 772 1913 838 Horatius
1944 793 2163 854 aures,

513 919 524 929 .
609 867 810 932 -Dum
837 869 992 934 ferit
1018 869 1324 938 Ausonia
1351 873 1649 939 carmina
1674 875 1859 939 culta
1885 876 2051 960 lyra.

539 969 894 1054 Virgilium
921 973 1062 1038 vidi
1087 979 1376 1041 tantum:
1419 997 1540 1042 nec
1569 996 1773 1042 avara
1794 976 2071 1042 Tibullo

623 1073 922 1158 Tempus
950 1078 1266 1143 amicitiae
1295 1077 1436 1143 fata
1461 1077 1697 1144 dedere
1722 1097 1911 1144 meae.

541 1173 906 1240 Successor
929 1177 1055 1242 fuit
1079 1178 1191 1243 bic
1219 1181 1364 1256 tibi,
1397 1177 1621 1258 Galle,
1657 1180 2047 1264 Propertius
2078 1181 2199 1261 illi,

630 1275 924 1356 Quartus
953 1281 1040 1344 ab
1063 1280 1168 1344 his
1197 1282 1366 1345 serie
1395 1281 1717 1364 temporis
1743 1281 1894 1363 ipse
1919 1281 2053 1346 fui:

545 1377 776 1461 thue
804 1399 926 1462 ego
950 1382 1268 1464 majorca,
1297 1382 1400 1447 sic
1425 1401 1536 1446 me
1567 1383 1831 1447 coluere
1858 1383 2182 1448 minores:

630 1481 950 1565 Notaque
977 1503 1106 1550 non
1134 1484 1322 1549 tarde
1351 1484 1530 1550 facta
1549 1485 1793 1550 Thalia
1818 1505 1979 1550 mea
1998 1491 2120 1550 est.

368 1581 450 1646 In
479 1582 770 1646 secundo
798 1581 884 1646 de
911 1583 1248 1649 Tfistibus
1279 1604 1352 1648 se
1396 1590 1464 1649 et
1509 1585 1929 1650 causidicum
1973 1587 2187 1651 fuisse
2214 1588 2467 1668 scribit,
2513 1595 2583 1655 et

365 1683 438 1746 in
468 1684 748 1766 privatis
778 1685 1004 1750 causis
1035 1685 1375 1762 arbitrum,
1405 1685 1510 1749 bis
1540 1685 1885 1750 versibus:

543 1783 694 1849 Nec
721 1785 894 1850 male
923 1787 1278 1852 commissa
1304 1793 1410 1852 est
1435 1787 1631 1852 nobis
1658 1787 1921 1852 fortuna
1948 1807 2229 1868 reorum,

627 1885 863 1971 Usque
892 1887 1126 1952 decem
1154 1889 1378 1952 decies
1405 1889 1827 1971 inspicienda
1858 1889 2047 1956 viris.

543 1987 688 2052 Res
717 1990 1316 2072 quoqueprivatas
1345 1991 1546 2054 statui
1577 1990 1721 2054 sine
1750 1992 2023 2056 cuimine
2044 1991 2295 2075 judex:

627 2090 864 2174 Deque
891 2093 1040 2156 niea
1066 2091 1252 2156 fassa
1281 2097 1384 2156 est
1401 2111 1567 2174 pars
1589 2111 1855 2176 quoque
1882 2093 2064 2158 victa
2090 2093 2242 2158 fide.

367 2191 712 2275 Benignus
761 2193 962 2258 etiam
1005 2193 1180 2258 adeo
1227 2194 1378 2272 fuit,
1430 2199 1506 2258 ut
1549 2193 1779 2258 nullus
1822 2213 2117 2276 unquam
2144 2211 2344 2280 opus,
2397 2193 2577 2279 quod

365 2294 520 2378 ipse
565 2299 1048 2378 composuerat,
1111 2296 1454 2379 carpserit.
1571 2294 1785 2374 Quod
1838 2295 1939 2359 sic
1992 2295 2145 2378 ipse
2194 2301 2469 2362 testatur
2514 2296 2583 2360 in

365 2395 568 2460 Trist.
603 2411 702 2457 ιν.
731 2395 900 2477 eleg.
928 2396 1036 2460 1⁰.

541 2497 696 2562 Nec
727 2497 840 2580 qui
870 2497 1198 2563 detrectat
1220 2500 1610 2582 praesentia,
1639 2500 1814 2565 livor
1836 2498 2069 2583 iniquo

629 2597 854 2663 Ullum
882 2598 964 2663 de
991 2600 1228 2663 nostris
1255 2600 1448 2663 dente
1475 2599 1839 2663 momordit
1866 2618 2065 2682 opus,

371 2701 531 2767 Fuit
575 2706 644 2764 et
687 2701 986 2765 moribus
1033 2700 1542 2765 ornatissimum
1585 2718 1741 2763 nam
1788 2705 1855 2763 et
1878 2700 2109 2763 vinum
2156 2699 2371 2764 multa
2396 2720 2583 2783 aqua

369 2802 650 2866 dilutum
695 2803 988 2881 bibebat,
1035 2808 1104 2865 et
1149 2822 1190 2865 a
1219 2800 1617 2867 detestando
1667 2817 2029 2883 puerorum
2071 2800 2437 2865 concubitu
2464 2802 2587 2865 ab·

368 2903 701 2981 horrebat,
751 2908 1020 2987 eratque
1069 2920 1280 2988 purus
1323 2901 1542 2966 omnis
1595 2900 1887 2965 sceleris.
1978 2900 2098 2966 Sic
2142 2899 2317 2965 enim
2358 2901 2503 2985 ipse
2534 2916 2581 2965 1.

373 2988 488 3068 De
518 3003 760 3068 Ponto.
791 3003 953 3087 eleg.
983 3004 1090 3071 10.

545 3105 805 3171 Parvus
829 3108 898 3171 in
925 3106 1136 3171 exiles
1165 3126 1412 3171 succus
1437 3106 1600 3171 mihi
1630 3104 1933 3189 pervenit
1958 3108 2166 3184 artae,

635 3206 1076 3292 Membraque
1105 3214 1256 3272 sunt
1281 3226 1438 3272 cera
1461 3206 1831 3291 pallidiora·
1846 3224 2046 3270 nova.

545 3309 704 3375 Non
731 3310 880 3375 baec
909 3310 1268 3375 immodico
1298 3310 1606 3375 contraxi
1636 3308 1875 3373 damna
1900 3307 2146 3392 Lyaeo:
2208 3297 2213 3303 ”

631 3412 786 3478 Scis
817 3415 978 3478 mihi
1006 3406 1208 3498 quam
1237 3413 1400 3479 solae
1431 3432 1626 3497 paene
1652 3412 1959 3477 bibantur
1987 3428 2209 3493 aquae.

546 3510 708 3578 Non
739 3513 958 3598 epulis
989 3533 1265 3579 oneror:
1309 3530 1588 3597 quarum
1614 3514 1673 3576 si
1700 3517 1929 3592 tangar
1955 3528 2209 3588 amore,

633 3615 762 3680 Est
789 3622 1010 3680 tamen
1038 3616 1108 3679 in
1138 3615 1398 3681 Geticis
1427 3616 1629 3698 copia
1654 3614 1838 3677 nulla
1864 3614 2057 3677 locis·

549 3714 706 3779 Nec
735 3718 910 3781 vires
937 3718 1171 3783 adimit
1195 3718 1476 3782 Veneris
1506 3713 2221 3796 damnosavoluptas:

397 3834 417 3869 τ
635 3816 800 3883 Non
827 3820 1000 3884 solet
1027 3822 1095 3883 in
1118 3824 1401 3884 moestos
1429 3818 1548 3882 illa
1571 3816 1799 3881 venire
1831 3822 2039 3879 toros.

369 3919 548 3987 Item
575 3920 648 3983 in
677 3919 974 3984 secundo
1003 3920 1110 3985 De
1138 3918 1306 3984 Arte
1337 3917 1625 3983 Amandi
1656 3918 1791 3981 aitt

551 4020 686 4086 Odi
713 4021 1128 4099 concubitus„
1161 4023 1277 4104 qui
1305 4040 1436 4085 uon
1463 4020 1797 4103 utrimque
1826 4018 2203 4083 resolvunt:

639 4122 799 4187 Hoc
829 4128 956 4201 est,
985 4142 1102 4187 cur
1121 4123 1310 4206 pueri
1337 4130 1568 4204 tangor
1597 4138 1823 4197 amore
1848 4120 2091 4184 minus.

373 4223 460 4292 In
491 4224 792 4291 secundo
820 4230 1046 4291 autem
1076 4224 1184 4289 De
1213 4223 1456 4301 Ponto,
1483 4222 1651 4304 eleg.
1678 4222 1747 4287 7.
1774 4220 1878 4285 sic
1907 4218 2175 4285 scribit:
