3217 4946
587 387 680 453 22
1327 405 1390 454 P.
1437 403 1680 454 ovmn
1728 403 2049 452 rusoms

767 547 1114 632 Egolidurn
1135 549 1422 626 Borean,
1453 548 1917 633 egelidumque
1939 547 2212 612 Notum.

598 650 708 715 Ex
743 670 878 734 quo
907 657 1205 735 apparet,
1236 653 1478 715 summi
1521 652 1766 734 ingenii
1791 652 1935 716 viro
1978 670 2114 716 non
2151 647 2477 734 judicium
2504 647 2793 713 defuisse

599 752 686 816 ad
703 751 1256 836 compescendum
1271 753 1608 819 licentiam
1636 755 2003 818 carminum
2022 772 2315 831 suorum,
2336 752 2454 818 sed
2476 751 2793 814 animum.

597 853 850 918 Aiebat
876 855 1050 918 enim
1081 853 1514 920 decentiorem
1541 874 1697 919 esse
1725 854 1992 933 faciem,
2019 855 2094 918 in
2122 871 2257 939 qua
2284 854 2529 937 aliquis
2557 872 2793 918 naevus

600 955 873 1021 inesset.
966 955 1073 1019 De
1105 955 1355 1020 Medea
1377 956 1705 1039 tragoedia
1742 959 1889 1042 ipse
1918 958 2017 1022 sic
2046 957 2348 1022 meminit
2376 969 2459 1020 ιι.
2485 955 2593 1020 De
2609 953 2799 1019 Tris-

604 1057 822 1121 tibus:
2658 1049 2679 1066 ⁹

775 1157 862 1222 Et
880 1159 1184 1224 dedimus
1209 1159 1479 1242 tragicis
1509 1158 1833 1243 scriptum
1858 1159 2076 1242 regale
2106 1159 2480 1224 cothurnis:

865 1259 1172 1343 Quaeque
1201 1261 1424 1342 gravis
1453 1260 1650 1325 debet
1672 1261 1881 1326 verba
1909 1260 2270 1325 cothurnus
2295 1261 2516 1326 habet.

611 1361 1011 1446 Composuit
1027 1369 1096 1428 et
1117 1363 1364 1428 librum
1391 1365 1460 1428 in
1483 1364 1698 1429 malos
1726 1363 1994 1448 poetas,
2041 1365 2153 1447 qui
2192 1383 2325 1428 non
2371 1368 2603 1444 extat3
2648 1363 2805 1426 item

609 1465 676 1526 in
719 1463 924 1527 exilio
961 1462 1346 1547 Epistolam
1393 1465 1902 1530 consolatorium
1946 1466 2034 1532 ad
2079 1465 2343 1530 Liviam
2393 1463 2682 1548 Augusti
2726 1463 2808 1526 de

611 1569 818 1628 morte
847 1564 1092 1645 Drusi:
1137 1565 1222 1630 de
1245 1565 1584 1631 Tristibus
1630 1569 1829 1634 etiarn
1856 1567 2063 1633 libros
2099 1567 2431 1650 quinque:
2474 1566 2558 1629 de
2586 1565 2807 1629 Ponto

611 1665 819 1730 libros
865 1672 1185 1749 quatum-3
1233 1669 1301 1732 in
1347 1667 1535 1750 Ibin;
1583 1668 1939 1733 Fastorum
1982 1667 2185 1732 libros
2235 1683 2376 1730 ιιι.
2430 1683 2520 1730 ex
2568 1665 2811 1749 quibus

617 1785 744 1830 sex
785 1773 1031 1832 tuntum
1063 1769 1151 1832 ud
1179 1777 1408 1834 nostra
1453 1775 1759 1852 tempora
1800 1774 2273 1853 pervenerunt:
2316 1769 2400 1832 de
2428 1767 2674 1851 quibus
2714 1765 2835 1830 sic'

617 1868 767 1949 ipse
800 1884 880 1930 11.
911 1868 996 1932 de
1025 1871 1229 1934 Trist.

792 1967 932 2032 Sex
958 1988 1082 2051 ego
1111 1970 1465 2037 Fastorum
1493 1972 1733 2058 scripsi
1756 1974 2161 2059 totidemque
2188 1971 2476 2048 libellos,

881 2067 1180 2155 Cumque
1207 2091 1332 2137 suo
1359 2073 1558 2139 finem
1583 2093 1812 2140 mense
1836 2075 2103 2140 libellus
2126 2073 2345 2140 babet.

626 2169 910 2253 Scripsit
935 2176 1000 2234 et
1027 2173 1430 2256 triumphum
1471 2173 1793 2255 Caesaris,
1836 2176 1919 2240 de
1949 2195 2087 2260 quo
2106 2179 2233 2240 ni.
2264 2175 2371 2241 De
2399 2174 2619 2241 Ponto
2654 2174 2820 2255 eleg.

626 2273 693 2334 4.
723 2270 824 2334 sic
852 2272 1190 2337 meminit:

803 2369 1027 2456 thue
1053 2392 1182 2438 suo
1210 2373 1444 2440 faveas
1471 2375 1767 2454 mundat,
1800 2375 2063 2452 Rufine,
2095 2375 2466 2460 triumpho:

888 2473 970 2539 In
997 2482 1249 2541 vestras
1279 2479 1462 2542 venit
1487 2478 1548 2542 si
1574 2484 1799 2542 tamen
1825 2477 1940 2542 ille
1969 2494 2226 2544 manus.

805 2576 926 2641 Est
952 2596 1127 2661 opus
1155 2578 1495 2662 exiguum,
1518 2580 1885 2664 vestrisque
1912 2580 2258 2663 paratibus
2286 2581 2541 2664 impar:

890 2680 1109 2759 Quale
1136 2688 1356 2747 tamen
1385 2698 1673 2765 cumque
1701 2690 1831 2761 est,
1862 2688 1940 2746 ut
1962 2689 2209 2762 tuem-e,
2232 2698 2414 2767 rogo.
2638 2678 2645 2687 '

638 2781 725 2847 Et
749 2782 979 2865 lingua
995 2782 1237 2849 Getica
1257 2784 1552 2849 libellum
1587 2784 1695 2849 De
1722 2784 2034 2849 laudibus
2073 2782 2388 2862 Caesaris,
2412 2802 2606 2869 quem
2634 2786 2832 2848 etiam

635 2884 964 2948 recitavit.
1053 2882 1264 2968 Cujus
1291 2884 1587 2948 meminit
1620 2898 1720 2948 lv,
1752 2884 1859 2949 De
1886 2884 2108 2950 Ponto
2139 2885 2227 2949 ad
2259 2885 2506 2951 carum
2535 2884 2699 2970 eleg.
2724 2884 2833 2949 13.

640 2983 737 3046 sic
767 2982 1097 3047 scribens:
1888 3000 1897 3007 ·

813 3082 925 3148 Ah
953 3084 1187 3168 pudet,
1219 3092 1294 3150 et
1316 3086 1560 3171 'scripsi
1588 3086 1831 3152 Getico
1860 3104 2161 3151 sermone
2186 3085 2533 3154 libellum:

903 3185 1305 3271 Sta-uotaque
1331 3198 1486 3256 suut
1511 3190 1751 3256 nostris
1778 3189 2065 3255 barbara
2091 3186 2293 3255 verbu
2316 3187 2578 3255 modis:

815 3284 918 3353 Et·
931 3287 1180 3371 placui,
1207 3288 1500 3375 (gratare
1530 3288 1753 3376 mihi,)
1781 3288 2094 3375 coepique
2123 3291 2341 3379 pocta>

903 3388 1084 3454 Inter
1109 3390 1502 3457 inhumanos
1529 3410 1771 3457 nomen
1796 3391 2038 3457 habere
2066 3388 2305 3458 θείας.

821 3488 1176 3556 Materiam
1206 3493 1493 3576 quaeris‘i
1538 3493 1771 3559 laudes
1797 3494 1883 3559 de
1914 3493 2186 3559 Gaesare
2211 3492 2394 3560 dixi:

907 3590 1162 3679 Adjuta
1187 3601 1294 3659 est
1321 3596 1588 3661 novitas
1607 3595 1875 3659 numine
1904 3600 2135 3659 nostra
2164 3588 2311 3660 Dei.

829 3692 1015 3758 Num
1043 3696 1250 3777 patris
1272 3693 1560 3777 Augusti
1589 3696 1793 3760 docui
1818 3696 2097 3759 mortale
2125 3696 2334 3759 fuisse

915 3792 1206 3878 Corpus,
1236 3796 1322 3859 ad
1349 3798 1661 3862 aetherias
1691 3814 1931 3863 numen
1960 3798 2183 3863 abisse
2215 3788 2485 3863 domos:

828 3894 998 3961 Esse
1027 3914 1250 3979 parem
1281 3900 1518 3963 virtute
1548 3901 1749 3985 patri,
1782 3900 1897 3983 qui
1929 3898 2141 3966 fraena
2166 3904 2435 3984 rogatus

918 3998 1124 4082 Saepe
1151 4002 1450 4065 recusati
1473 3999 1733 4086 ceperit
1758 4002 2061 4087 imperii:
