3217 4946
627 445 718 514 86
1241 463 1708 518 'rssrmonu
1758 463 1849 512 ιιι·
1893 463 2145 514 sumet
2152 463 2201 513 A

629 613 724 687 ut,
747 606 904 691 quid
928 607 1150 690 magni
1170 605 1295 672 viri
1319 608 1543 687 velint,
1566 625 1717 672 cum
1746 599 1989 672 mutari
2012 604 2342 690 quosdam
2364 623 2570 689 posse
2596 605 2826 671 existi-

629 701 830 785 ment,
859 727 1076 792 neque
1102 707 1261 791 ipsi,
1283 709 1417 773 nisi
1437 708 1659 787 fallor,
1687 727 1901 792 neque
1931 727 2059 772 nos
2086 707 2554 790 intelligamus.
2630 705 2824 772 Non-

631 811 789 874 dum
815 811 992 874 enim
1021 811 1338 893 cuiquam
1383 810 1455 874 id
1503 811 1884 895 probarunt,
1928 827 2085 874 cum
2127 810 2197 872 in
2250 809 2448 872 simili
2493 807 2825 872 scribendi

629 930 858 995 genere
896 913 1142 977 versati
1187 917 1360 976 sunt.
1447 911 1635 975 Libri
1682 911 2020 989 Tristium‚
2062 916 2128 976 et
2164 912 2282 994 qui
2318 910 2425 976 De
2456 910 2676 975 Ponto
2725 905 2825 974 in-

629 1013 1028 1092 scribuntur,
1073 1032 1208 1095 quo
1251 1013 1338 1076 ab
1388 1013 1565 1076 omni
1614 1011 2031 1075 affectatione
2069 1009 2487 1096 (quanquam
2536 1011 2622 1074 iis
2670 1031 2825 1077 cum

627 1114 968 1198 plerisque
1016 1113 1196 1177 illius
1254 1112 1524 1196 scriptis
1581 1109 1741 1175 hoc'
1768 1129 2116 1175 commune
2170 1113 2297 1188 est)
2355 1111 2569 1193 magis
2626 1111 2827 1175 alieni

629 1221 808 1293 sunt,
858 1236 942 1280 eo
989 1215 1208 1297 magis
1249 1214 1693 1279 commendari
1727 1213 2056 1298 juventuti
2106 1210 2367 1276 debent.
2456 1210 2545 1276 Et
2571 1213 2825 1296 ubique
2946 1199 2959 1208 ’

630 1315 978 1394 Latinitas,
1009 1315 1115 1380 vel
1155 1317 1320 1380 inter
1344 1315 1579 1398 prima.
1646 1313 1741 1378 Ut
1792 1332 1922 1378 non
1976 1319 2223 1377 temere
2277 1311 2608 1392 Muretus,
2662 1333 2824 1397 quo,

627 1423 791 1502 post
836 1418 1062 1483 literas
1129 1421 1416 1493 renataS‚
1497 1435 1694 1480 nemo
1766 1416 1910 1479 sine
1980 1412 2391 1478 affectatione
2460 1414 2827 1496 elegantius

629 1519 916 1602 scripsit,
944 1517 1302 1600 quendam,
1347 1517 1459 1602 qui
1507 1517 1763 1582 auctori
1808 1520 1992 1582 tanto
2037 1516 2209 1580 hanc
2240 1514 2629 1594 detraheret,
2671 1533 2827 1599 pro-

628 1617 790 1703 digii
815 1620 1048 1697 instar,
1075 1621 1224 1684 ovis
1261 1624 1332 1684 et
1371 1618 1687 1702 sulphure
1711 1616 2122 1683 lustrandum
2170 1616 2525 1682 existimet.
2614 1613 2713 1679 Ut
2760 1623 2829 1682 et

627 1720 674 1784 J
679 1722 972 1803 osephus
1016 1721 1331 1804 Scaliger.
1418 1719 1646 1784 Julius
1684 1723 1924 1792 autem,
1958 1718 2029 1780 in
2058 1714 2439 1780 Rhetoricis
2466 1715 2620 1800 (qui
2645 1716 2829 1782 illius

627 1821 782 1885 libri
809 1841 964 1885 cum
991 1822 1142 1885 aliis
1170 1840 1304 1885 non
1330 1821 1568 1904 paucis
1611 1819 1965 1901 perierunt)
2008 1823 2328 1900 tanquam
2355 1818 2728 1883 absolutum
2762 1823 2831 1883 et

627 1919 996 2003 perfectum
1025 1921 1212 1983 omni
1235 1939 1326 1984 ex
1367 1925 1558 2002 parte
1585 1919 1993 2003 exemplum,
2036 1918 2287 2001 scripta
2314 1918 2467 2002 ejus
2494 1935 2829 2002 propone·

628 2021 770 2085 bat.
859 2019 1098 2104 Neque
1147 2025 1391 2086 temere
1445 2019 1584 2083 alia
1630 2018 2025 2084 auctoritate
2076 2039 2229 2102 quoe
2284 2018 2587 2096 docebat,
2614 2017 2828 2101 ‘quod

627 2138 762 2187 non
787 2121 997 2188 semel
1023 2141 1112 2186 ex
1137 2121 1368 2186 divino
1387 2155 1396 2162 -
1415 2120 1566 2202 ejus
1596 2120 1721 2184 viri
1776 2118 1919 2183 filio
1964 2118 2197 2184 audire
2238 2119 2529 2196 memini,
2576 2116 2829 2201 ubique

629 2221 1076 2288 confirmabat.
1195 2221 1328 2285 Sed
1384 2227 1619 2284 natura
1666 2216 1817 2302 ejus
1869 2220 2017 2298 viri,
2092 2219 2365 2296 candor,
2432 2217 2830 2300 ingenuitas,

629 2322 975 2402 velocitas,
1011 2343 1162 2406 quae
1211 2323 1282 2386 in
1335 2320 1824 2384 narrationibus
1853 2319 2280 2402 potissimum
2328 2319 2571 2396 elucet,
2628 2335 2834 2402 supra

628 2426 854 2489 votum
881 2427 1004 2489 est.
1091 2422 1484 2487 Proximum
1505 2422 1613 2485 est
1636 2438 1815 2501 ergo,
1836 2425 2019 2485 recte
2046 2419 2131 2484 de
2158 2420 2245 2485 iis
2264 2420 2593 2503 judicare.

975 2546 1292 2664 Barthius
1323 2597 1412 2663 ad
1450 2595 1725 2683 Papinii
1752 2597 1873 2664 lib.
1915 2612 1995 2661 ιι.
2037 2593 2203 2661 Silv.
2238 2612 2336 2661 ιν.
2376 2594 2485 2662 19.

718 2731 893 2797 Rem
931 2733 1354 2799 nitidissimis
1411 2732 1651 2810 verbiS,
1710 2737 1776 2797 et
1840 2731 2037 2815 plane
2104 2728 2409 2835 Calliope
2466 2730 2829 2797 cantatrico

632 2834 878 2919 dignis,
911 2840 1136 2899 narrat
1171 2834 1458 2899 Ovidius
1487 2835 1606 2899 lib·
1637 2851 1705 2895 v.
1736 2832 2012 2897 Metam.

1253 3006 1366 3071 Ad
1421 3006 1538 3071 lib.
1585 3022 1702 3069 111.
1752 3006 1917 3070 Silv.
1970 3022 2053 3069 11·
2090 3004 2201 3072 38.

717 3136 1074 3217 Quomodo
1125 3134 1476 3203 Anthedon
1519 3138 1801 3203 sormam
1842 3138 2199 3222 perdiderit
2250 3140 2449 3208 nimis
2504 3142 2833 3229 eleganter

631 3246 698 3307 et
726 3236 1002 3323 Poetico
1029 3238 1354 3304 describit
1381 3239 1695 3305 Ovidius.

1167 3411 1281 3478 Ad
1323 3414 1440 3480 lib.
1489 3430 1606 3480 ιιι.
1660 3414 1831 3481 Silv.
1891 3432 1993 3480 ιν.
2034 3416 2149 3483 40.
2186 3416 2295 3481 41.

719 3546 1033 3612 Narcissi
1062 3546 1356 3612 fabulam
1387 3568 1578 3631 paene
1601 3550 1781 3615 ultra
1802 3548 2206 3619 humanum
2186 3551 2519 3657 ingenium
2552 3553 2833 3619 comiter

630 3654 700 3716 et
728 3652 998 3715 venuste
1023 3648 1344 3714 describit
1370 3649 1683 3716 Ovidius.

1313 3821 1427 3887 Ad
1470 3824 1586 3891 lib.
1634 3842 1685 3888 1.
1731 3824 1941 3888 Theb.
1988 3822 2141 3887 150.

599 3964 612 3977 “
719 3954 952 4019 Nimia
993 3954 1418 4037 properantia
1479 3972 1669 4038 saepe
1710 3960 1961 4037 peccat
2007 3953 2315 4034 Ovidius,
2358 3974 2559 4039 quem
2604 3958 2830 4019 tamen
2932 3961 2940 3969 '

633 4056 1026 4121 contestatio
1045 4097 1050 4101 -
1069 4054 1340 4138 propria
1381 4053 1947 4119 excusabiliorem
1988 4056 2175 4137 facit,
2206 4056 2291 4121 de
2312 4076 2515 4143 opere
2544 4075 2589 4121 a
2624 4057 2829 4123 busto

631 4155 814 4221 velut
833 4156 1077 4221 actoris
1095 4161 1318 4239 rapto.
1329 4206 1352 4235 0
